3098 5204
905 416 949 480 46

367 591 516 674 mandet,
551 596 588 658 nt
621 591 801 680 epistulam
831 590 875 658 ad
898 590 1187 677 Clytaemestram
1217 589 1354 673 ferar).
1400 591 1485 676 Aga·

366 719 496 764 memno
535 703 647 762 antem
682 696 753 784 ipse
785 718 806 762 a
841 717 938 764 servo
972 719 1004 762 v.
1035 696 1077 760 12
1087 717 1130 762 ss.
1163 693 1399 782 interrogatus
1433 718 1485 762 cur

371 801 504 884 exierit,
535 823 571 867 se
602 823 683 867 cure
715 804 818 888 atque
842 799 1009 867 aerumnis
1042 803 1241 866 commotum
1265 799 1419 886 prodisse
1441 800 1483 866 vi·

310 929 311 934 ¹
366 905 468 972 detur
491 905 638 972 indicare
662 906 705 991 (v,
731 907 773 972 16
784 906 851 988 ss),

424 1010 636 1076 ‘Menander
668 1014 704 1077 ei
736 1011 845 1077 ceteri
878 1009 995 1076 comici
1027 1010 1114 1076 hano
1143 1010 1289 1075 formam
1322 1009 1483 1077 excultam

365 1125 566 1203 receperunt
589 1119 626 1181 et
646 1137 714 1181 non
729 1114 831 1181 nullis
848 1115 930 1180 loeis
947 1114 1182 1181 adhibuerunt.
1228 1113 1332 1202 Apud
1354 1113 1483 1181 Menan·

365 1221 462 1286 drum
486 1241 598 1286 omnes
621 1222 693 1285 tres
718 1219 833 1286 modos
857 1219 1060 1287 invenimus:

454 1325 482 1390 1.
512 1324 621 1402 Hlius,
658 1346 755 1411 quem
788 1324 895 1411 primo
929 1323 1004 1391 loco
1037 1324 1196 1404 tractavi,
1234 1323 1421 1410 exemplum
1453 1323 1483 1388 in

363 1429 399 1493 in
422 1427 539 1494 Aulul.
565 1431 695 1495 exstat:
720 1427 853 1515 Coquus
869 1427 1015 1514 Congrio
1032 1427 1103 1494 exit
1120 1428 1207 1494 etin
1222 1432 1343 1495 scaena
1358 1427 1482 1496 demum

364 1555 506 1620 puerum
538 1532 650 1600 aulam
673 1555 715 1599 ex
736 1533 859 1600 vicinia
892 1536 1008 1620 petere
1044 1532 1139 1598 iubet
1171 1533 1249 1617 (390
1260 1533 1327 1618 ssJ).
1374 1532 1481 1599 Etiam

363 1637 514 1704 Philemo
538 1638 600 1704 hac
622 1639 757 1704 ratione
780 1659 858 1705 usus
883 1640 936 1704 est
952 1637 1042 1722 (vide
1064 1637 1243 1725 prologum
1265 1659 1397 1724 quoque
1414 1638 1481 1702 Tri·

363 1743 498 1825 nummi,
534 1741 592 1829 qui
614 1742 658 1808 ad
681 1742 836 1810 Herculis
861 1763 1014 1810 scaenam
1037 1741 1363 1830 propiusacoedit.),
1394 1744 1480 1824 euius

363 1869 482 1914 versus
505 1845 605 1913 Mero.
628 1848 692 1912 272
705 1871 746 1914 ss.
771 1847 910 1913 eandem
942 1846 1215 1933 compositionem
1239 1848 1339 1934 quahr
1361 1847 1480 1913 Phoen.

363 1951 539 2018 illeloous
562 1951 739 2027 exhibent:
763 1950 987 2038 Lysimachus
1009 1950 1087 2017 dum
1103 1951 1176 2018 exit
1191 1974 1290 2018 servo
1312 1952 1480 2038 negotium

363 2055 530 2142 quoddam
554 2055 630 2139 dat·;
650 2056 774 2143 ipsum
808 2059 922 2122 eutem
952 2059 1056 2142 poeta
1086 2055 1209 2124 idcirco
1243 2057 1380 2122 tentum
1411 2079 1480 2145 pro·

363 2159 520 2237 deuntem
555 2160 651 2241 facit,
685 2164 726 2227 ut
759 2183 833 2227 cum
866 2160 1074 2246 Demiphone
1108 2159 1143 2225 in
1177 2182 1298 2227 scaena
1332 2160 1480 2249 sequenti
1536 2231 1537 2256 ζ

1536 2257 1537 2280 l

363 2285 465 2352 agere
488 2265 607 2350 possit.

449 2369 547 2435 Hanc
579 2368 723 2434 formam
756 2369 824 2435 iam
857 2372 936 2436 ante
966 2368 1185 2435 Menandrum
1216 2391 1236 2436 a
1268 2370 1400 2438 comicis
1435 2393 1479 2436 re-

364 2476 496 2560 ceptam
519 2495 592 2540 esse
615 2474 713 2541 unica
735 2474 867 2540 mediae
880 2473 1070 2540 comoediae
1086 2474 1204 2541 fabula
1225 2474 1321 2542 nobis
1346 2477 1479 2542 servata

362 2579 469 2646 Persa
503 2579 763 2659 demonstratur,
803 2578 838 2644 in
872 2601 939 2666 qua
972 2578 1081 2645 tribus
1115 2578 1271 2666 deinceps
1305 2579 1479 2648 adhibetur

363 2705 507 2750 scaenrs:

450 2788 492 2854 In
516 2810 547 2854 v.
572 2788 636 2852 168
659 2786 911 2874 Sophoclidisca
933 2787 1025 2854 iussa
1046 2787 1202 2852 nuntium
1220 2787 1339 2853 Toxilo
1363 2788 1478 2855 afferre

357 2892 399 2957 in
415 2913 567 2958 scaenam
583 2892 670 2976 exit;
696 2891 774 2957 dum
797 2913 838 2957 ex
862 2891 999 2958 aedibus
1020 2891 1145 2977 prodit,
1169 2891 1262 2978 loqui
1278 2914 1346 2958 non
1361 2891 1478 2959 desinit

362 3019 435 3062 cum
453 2995 730 3078 Lemniselenide,
755 3017 841 3084 qnae
857 2995 1036 3062 inferibus
1060 2996 1268 3084 conspicitur
1278 2995 1312 3083 2).
1357 2995 1478 3064 Eodem

360 3101 458 3169 modo
481 3101 517 3166 in
540 3124 571 3167 v.
590 3100 653 3166 183
677 3100 817 3167 Toxilus
842 3122 977 3184 servum
1000 3099 1185 3187 Paegnium
1207 3101 1363 3167 nuntium
1385 3098 1477 3168 Lem-

434 3295 461 3359 1)
480 3291 584 3346 Eadem
602 3293 710 3346 ratione
728 3299 789 3346 erat
801 3299 988 3360 comparatum
1002 3293 1160 3362 Iphigeniae
1173 3292 1316 3365 Ennianae
1335 3293 1477 3357 exordium,

362 3380 396 3434 cf.
417 3381 451 3435 fr.
472 3383 483 3434 l
503 3399 529 3449 p.
549 3385 592 3436 43.
612 3381 692 3435 Ribb.

432 3471 460 3540 2)
479 3471 547 3524 Eius
567 3486 664 3524 nomen
683 3467 711 3523 in
730 3471 811 3524 titulo
831 3485 947 3524 scaenae
966 3470 1075 3538 legitur,
1100 3476 1127 3523 et
1146 3485 1241 3526 versus
1263 3474 1334 3525 179Β
1353 3478 1419 3526 nota
1437 3471 1476 3523 So.

361 3559 385 3613 ei
404 3557 582 3627 attribuitur3
601 3559 759 3627 aptissimus
780 3565 821 3612 est
839 3575 942 3625 versus,
964 3560 1065 3627 quippe
1086 3576 1138 3625 quo
1159 3559 1242 3612 verba
1261 3558 1477 3627 Sophoclidiscae
1533 3553 1534 3556 ’

361 3649 466 3718 („amas
486 3648 533 3716 pol
552 3648 682 3714 misera“)
703 3647 843 3701 confirmet
872 3653 955 3714 atque
974 3664 1008 3701 ea
1026 3647 1054 3700 in
1074 3663 1172 3715 genere
1192 3647 1227 3702 ad
1248 3664 1340 3704 omnes
1360 3654 1476 3702 amantes

302 3728 308 3744 '
360 3737 498 3804 pertinere
517 3736 627 3789 adiciat,
665 3737 762 3803 Itaque
782 3737 939 3805 perspicere
959 3752 1074 3804 nequeo,
1094 3736 1159 3803 quid
1175 3738 1317 3806 Ussingius
1337 3737 1390 3791 sihi
1409 3738 1476 3802 velit,

360 3826 406 3891 qui
425 3840 485 3877 cum
504 3825 613 3879 litteras
633 3824 679 3880 So.
698 3841 792 3878 errore
812 3841 846 3879 ex
864 3825 1003 3894 particule
1025 3825 1106 3893 „sed“
1127 3832 1207 3880 natas
1236 3841 1296 3880 esse
1323 3827 1476 3890 arbitretur,

360 3929 510 3981 quaecum
528 3921 615 3968 metro
635 3931 688 3968 non
709 3915 842 3978 concinat,
863 3921 950 3968 totam
963 3915 1127 3970 seutentiam
1145 3915 1223 3968 uncis
1243 3914 1372 3985 includit3
1394 3929 1476 3982 neque
1532 3939 1533 3968 ;

358 4002 497 4071 intellego,
522 4020 570 4056 cur
590 4003 743 4074 Lindsayus
771 4010 868 4058 contra
892 4005 1049 4058 memoriam
1068 4005 1136 4058 haec
1156 4005 1239 4058 verba
1259 4004 1475 4073 Sophoclidiscae

359 4090 504 4146 adiudicet.
542 4092 612 4146 Nam
631 4093 726 4160 utique
745 4093 883 4147 sententia
900 4092 1114 4148 Lemniselenidi
1133 4111 1187 4147 non
1206 4094 1327 4162 ineptius
1348 4092 1475 4157 convenit,

359 4196 440 4249 quam
460 4182 577 4237 Charino
605 4183 690 4236 Mero.
711 4185 811 4250 ateste
840 4182 882 4236 ve'l
910 4182 1007 4236 Toxilo
1036 4182 1136 4236 similia
1165 4183 1250 4237 verba
1268 4201 1293 4238 v.
1316 4188 1375 4238 lss
1396 4181 1475 4236 Simul

357 4271 441 4338 igitur
460 4287 520 4324 cum
539 4270 745 4339 Sophoclidisca
763 4271 1008 4342 Lemniselenidem
1027 4273 1102 4326 exire
1120 4273 1148 4325 in
1168 4287 1294 4326 scaenam
1313 4277 1389 4342 puto,
1417 4271 1475 4326 dum

359 4375 417 4413 eam
438 4358 472 4414 ad
492 4360 618 4414 Toxilum
637 4361 728 4415 mittit.
