3098 5204
873 437 989 502 201

437 629 519 694 quos
542 607 685 695 polege
708 609 809 676 credo
832 609 994 676 humanas
1018 607 1243 696 querimonias

435 735 502 778 nou
523 712 615 780 tanti
638 713 761 796 facere,
786 713 868 802 quid
890 714 1009 796 velint,
1033 713 1114 801 quid
1136 736 1204 780 nou
1225 709 1414 780 velint...“

328 815 391 883 His
407 817 560 884 versibus
585 817 688 884 etiam
703 818 925 886 Menandrum
942 811 1149 904 reprehendi
1163 820 1302 905 praeter
1326 813 1370 881 fr.
1389 817 1455 882 164

329 920 427 988 docet
450 921 494 988 fr.
519 922 598 987 739:
1542 921 1543 928 ’

486 1027 615 1107 dodi,
641 1026 675 1090 σὺ
699 1024 755 1112 γὰρ
779 1026 816 1111 δὴ
842 1029 977 1090 πλεῖστον
1003 1025 1183 1112 Ἀφροδίτη-ς
1207 1030 1285 1089 θεῶν

489 1132 622 1216 μετέχεις
648 1132 759 1216 μέρος.
778 1181 783 1192 .
802 1181 811 1200 .

330 1235 384 1320 (cf.
409 1235 510 1316 Mero.
533 1237 603 1301 ν.4
628 1235 684 1320 ,vi
706 1235 777 1303 vidi
792 1235 916 1302 amoris
939 1235 1062 1318 facere,
1086 1235 1144 1322 qui
1167 1239 1228 1303 aut
1251 1235 1370 1302 nocti
1391 1238 1457 1300 aut
1543 1250 1544 1301 3

329 1340 383 1406 die
401 1392 408 1405 .
427 1392 433 1405 .
452 1392 458 1405 .
475 1339 628 1407 miserias
650 1344 796 1408 narrant
819 1340 941 1425 suast)

417 1444 485 1512 Sed
505 1435 602 1512 nemo
635 1444 733 1516 πάθος
765 1444 852 1511 illud
874 1444 1096 1534 Euripideum
1126 1443 1240 1532 inepte
1263 1443 1455 1512 adhibitum

330 1572 402 1616 esse
434 1547 610 1618 iudicabit·
626 1550 700 1617 loco
723 1548 869 1638 Adelph.
893 1550 973 1635 7895
1006 1550 1133 1617 Demea
1164 1553 1342 1638 postquam
1373 1550 1454 1618 Cte-
1526 1557 1543 1588 '¹

331 1655 504 1742 siphonem
527 1653 618 1722 intus
641 1654 850 1722 helluantem
872 1654 970 1736 vidit,
1002 1676 1124 1740 magno
1153 1654 1248 1723 luctu
1278 1658 1314 1722 et
1336 1654 1454 1747 daspe-

330 1759 464 1828 ratione
480 1761 624 1826 affectus
648 1781 689 1826 ex
703 1759 844 1826 aedibus
863 1760 898 1824 in
913 1758 1063 1846 plateam
1077 1759 1269 1846 prorumpit
1284 1760 1450 1828 clamans:

377 1865 427 1948 ,ei
448 1860 538 1946 mihi,
564 1863 645 1951 quid
667 1863 812 1931 faciam?
848 1863 928 1951 quid
951 1884 1059 1950 agam,
1084 1863 1164 1951 quid
1187 1864 1324 1932 clamem
1348 1868 1409 1932 aut

439 2035 446 2045 ,
1214 1968 1365 2057 querar?

285 2125 287 2130 .
374 2074 594 2154 oeaelum,
621 2096 638 2139 o
662 2077 803 2155 terra,
829 2097 847 2140 o
870 2074 1004 2141 maria
1027 2073 1256 2161 Neptunii“
1275 2125 1282 2139 .
1301 2125 1333 2140 ..

329 2179 511 2244 Menander
541 2178 603 2245 hoc
632 2177 714 2262 loco,
748 2201 813 2266 quo
843 2183 942 2266 pater
972 2177 1012 2247 de
1037 2178 1148 2245 salute
1170 2179 1327 2261 filiorum,
1359 2182 1454 2266 post·
1542 2175 1543 2178 '

330 2306 429 2371 quam
445 2284 549 2350 etiam
565 2306 648 2365 eum,
672 2305 770 2370 quem
786 2284 880 2370 frugi
900 2305 972 2350 esse
988 2285 1142 2372 putabat,
1167 2305 1238 2351 esse
1254 2287 1454 2371 corruptum

330 2390 447 2472 sensit,
471 2389 570 2477 plane
594 2389 761 2476 desperat,
788 2389 940 2455 consulto
957 2391 1168 2475 spectatores
1192 2389 1233 2456 de
1247 2389 1369 2473 grandi
1391 2389 1453 2455 illo

334 2495 473 2564 exordio
497 2493 681 2581 Euripideo
705 2493 989 2563 commonefacere
1010 2492 1130 2560 voluit.
1177 2493 1249 2559 Hoc
1280 2493 1353 2560 loco
1377 2483 1455 2580 poe·
1497 2486 1499 2493 ’

272 2665 274 2668 .
329 2604 400 2668 tam
422 2623 491 2666 non
513 2599 625 2666 verbis
650 2619 762 2665 senem
777 2598 945 2664 dicentem
966 2598 1080 2664 facere
1096 2598 1246 2684 potuisse
1270 2621 1305 2664 se
1324 2598 1454 2665 affectu

330 2707 533 2770 commotum
555 2725 636 2784 esse,
662 2707 701 2768 ut
717 2702 855 2784 exisset,
870 2706 1139 2769 'consentaneum
1162 2705 1231 2787 est,
1254 2702 1358 2768 nimia
1376 2703 1453 2768 dili-

329 2809 449 2895 gentia
463 2807 606 2874 molesta
622 2810 712 2874 esset
736 2810 772 2873 et
794 2805 892 2878 πάθος
915 2829 955 2872 ea
977 2829 1014 2872 re
1031 2807 1163 2872 omnino
1180 2810 1270 2874 esset
1286 2807 1450 2892 deletum,

330 2915 447 3002 itaque
469 2911 651 2978 Menander
675 2932 808 2977 causam
832 2911 946 2978 eadem
969 2911 1089 2977 subtili
1122 2915 1196 2977 arte
1227 2914 1330 2998 atque
1354 2910 1453 2976 Euri·
1542 2989 1543 2992 Ἴ

330 3019 425 3106 pides
448 3018 485 3083 iu
507 3016 697 3104 Hippolyto
722 3015 878 3101 omisie1).

418 3121 485 3190 Sed
500 3121 699 3204 comoediae,
724 3158 766 3168 —-
788 3121 855 3186 nisi
877 3121 964 3186 risus
989 3121 1140 3188 excitare
1163 3121 1288 3204 studet,
1311 3159 1353 3168 —
1375 3142 1453 3207 per·
1542 3133 1543 3204 3

331 3250 411 3296 raro
443 3229 480 3293 iu
510 3227 598 3294 hunc
628 3215 762 3293 modum
786 3247 965 3312 assurgere
986 3224 1088 3292 licet.
1135 3225 1313 3319 Commode
1343 3226 1486 3312 igitur·
1542 3273 1543 3292 e

332 3333 456 3416 evenit,
490 3331 578 3421 quod
610 3331 708 3397 huius
739 3329 884 3397 adeundi
907 3353 1027 3396 causae
1058 3331 1155 3397 velut
1185 3331 1282 3398 varia
1313 3330 1453 3417 species,

332 3460 417 3526 quae
448 3460 516 3503 uon
545 3435 744 3522 tragoediae
768 3436 866 3507 πάθος
898 3436 1021 3526 spiret,
1054 3437 1091 3501 in
1119 3435 1288 3503 comoedia
1312 3435 1454 3522 antiqua
1542 3501 1543 3504 ,

332 3547 409 3610 orta
432 3545 469 3608 et
491 3540 627 3608 exculta
650 3544 711 3623 est,
745 3541 832 3607 unde
855 3541 891 3606 in
913 3562 1034 3608 novam
1060 3537 1262 3607 comoediam
1283 3539 1452 3628 pervenit.

333 3648 427 3730 Quae
450 3645 613 3734 quomodo
644 3649 728 3711 nata
759 3645 820 3727 sit,
842 3667 897 3712 ex
929 3645 1056 3712 duobus
1085 3645 1167 3712 locis
1190 3643 1452 3732 Aristophaneis

332 3752 487 3840 apparet.
595 3806 596 3809 ,
891 3768 894 3773 ·

419 3855 507 3923 Nub.
524 3855 597 3920 627.
631 3853 788 3921 Socrates
812 3854 922 3920 iratus
945 3877 963 3920 e
990 3853 1276 3941 ,phroutisterio“
1301 3877 1360 3920 suo
1375 3876 1453 3941 pro·
1500 3933 1503 3937 .

332 3961 404 4027 ruit
427 3961 462 4026 in
486 3980 638 4026 scaenam
669 3967 704 4026 et
728 3947 769 4026 ¹se
791 3980 937 4045 unquam
960 3969 1031 4026 tam
1054 3958 1231 4026 indocilem
1253 3957 1454 4046 discipulum

332 4066 488 4132 habuisse
511 4067 632 4159 negat:
1347 4052 1349 4056 ’

425 4227 451 4293 1)
469 4223 571 4277 Nescio
591 4237 626 4275 an
645 4222 727 4276 etiam
745 4222 837 4285 verba,
858 4223 975 4289 quaein
992 4222 1068 4277 Disc.
1087 4226 1140 4278 434
1159 4223 1302 4291 leguntur:

618 4310 673 4370 Τίς
693 4313 728 4366 ἂν
749 4311 837 4366 θεῶν
855 4313 972 4366 τάλαιναν
993 4313 1101 4385 ἐλεήσειέ
1121 4333 1166 4383 με;

332 4397 386 4448 huc
404 4394 569 4462 pertineant.
