3098 5204
625 446 769 522 br'

173 628 207 714 a)
229 625 315 694 Nam
339 631 375 694 et
397 627 487 715 apud
501 628 768 715 Aristophanem
792 636 827 695 et
849 629 939 716 apud
956 632 1075 716 poetas
1098 649 1206 695 novae

87 732 275 800 comoediae
299 753 437 800 scaenae
460 733 689 814 inveniuntur,
713 732 890 820 inquibus
914 753 1087 821 personae,
1122 753 1207 820 quae

86 838 121 902 in
145 858 300 923 scaenam
322 837 499 926 prodeunt,
534 837 570 903 in
600 838 676 924 ipsa
705 837 836 905 demum
861 859 982 905 scaena
1003 837 1039 903 id
1061 837 1207 903 animum

86 942 246 1009 inducere
267 943 439 1024 videntur,
476 966 539 1030 quo
572 966 611 1010 re
643 964 725 1009 vera
755 946 794 1008 ut
824 963 977 1009 scaenam
998 943 1091 1008 intro
1115 941 1208 1008 irent

87 1049 271 1114 commotae
294 1051 382 1114 sunt.

173 1151 215 1216 In
230 1151 407 1238 Aristoph.
423 1151 508 1217 Aah.
525 1152 589 1217 729
613 1151 820 1239 Megarensis
837 1151 959 1238 aliquis
982 1173 1056 1217 cum
1071 1149 1206 1216 filiabus

86 1256 220 1344 prodit;
255 1257 336 1345 qnid
363 1255 457 1340 velit,
490 1256 597 1344 primo
627 1279 694 1323 non
717 1256 933 1345 perspicitur,
965 1255 1085 1322 deiude
1107 1254 1206 1336 filiae,

86 1365 266 1450 postquam
298 1384 335 1429 se
364 1360 536 1430 venditari
568 1364 729 1450 tanquam
761 1361 918 1449 porculas
952 1383 1050 1448 qnam
1082 1358 1208 1426 esurire

85 1467 189 1534 malle
211 1466 381 1548 dixerunt,
415 1468 517 1532 offert
539 1466 781 1554 Dicaeopolidi,
817 1471 856 1534 ut
886 1470 976 1533 emat
984 1491 991 1551 ;
1027 1487 1102 1531 eum
1124 1485 1207 1537 vero

86 1572 175 1638 filias
199 1571 343 1638 vendere
375 1571 440 1638 iam
472 1574 697 1658 anteaquam
730 1573 766 1637 in
789 1593 942 1639 scaenam
964 1569 1061 1637 veuit
1083 1568 1208 1636 consti-

86 1677 196 1742 tuisse
225 1675 317 1742 inde
333 1679 486 1764 apparet,
520 1676 608 1763 quod
639 1677 705 1742 iam
728 1683 867 1758 saccum3
902 1675 937 1741 in
969 1697 1033 1762 qno
1062 1673 1207 1762 ungulas
1260 1719 1266 1728 ·

87 1781 205 1847 sufflas
229 1785 265 1848 et
286 1783 404 1847 rostra
425 1779 567 1862 ferebat,
592 1803 701 1847 seeum
724 1782 889 1867 portavit.
924 1780 1048 1866 Itaque
1070 1778 1208 1844 Aristo-

86 1885 214 1973 phanes
247 1886 342 1952 nobis
372 1885 501 1953 festiva
532 1907 668 1966 scaeua,
703 1885 866 1974 quomodo
898 1885 1108 1972 propositum
1140 1883 1208 1950 Me-

87 1989 243 2075 garensis
268 1990 411 2070 oriatur,
447 1990 626 2057 ostendere
649 2012 748 2078 quam
772 1991 882 2057 ieiune
904 2009 1044 2055 narrare
1068 1987 1207 2056 mavult.

87 2095 156 2160 Ars
190 2094 326 2174 similis,
361 2117 427 2160 non
461 2094 576 2160 eadem
610 2099 676 2177 est,
712 2118 778 2182 qua
801 2095 981 2182 Euripides
1013 2094 1049 2159 in
1081 2093 1208 2159 scaenis

88 2221 191 2286 snpra
213 2223 244 2286 p.
269 2201 311 2264 44
322 2223 345 2264 s.
370 2199 533 2266 tractatis
556 2217 637 2265 usus
661 2203 723 2266 est.

140 2375 142 2380 ,
174 2305 248 2371 Iam
271 2305 425 2370 conferas
448 2326 572 2391 quaeso
591 2281 683 2372 hunc
704 2305 813 2373 locum
829 2293 1119 2386 Menandreum¹):
1143 2303 1209 2368 Ad.

87 2411 167 2474 610²
189 2409 385 2490 Aeschinus
403 2413 583 2496 postquam
599 2414 699 2476 extra
716 2430 869 2476 scaenam
884 2431 905 2475 a
922 2408 1103 2490 Canthara,
1127 2407 1208 2495 quid

87 2515 249 2581 Sostrata
272 2518 307 2580 et
329 2503 506 2597 Pamphila
538 2514 579 2580 de
612 2537 646 2580 se
663 2513 937 2601 suspicarentur,
971 2513 1143 2600 comperit,
1175 2513 1209 2578 in

87 2641 243 2687 scaenam
258 2617 410 2707 procedit
434 2623 470 2684 et
492 2622 604 2685 mente
620 2619 750 2705 agitat:
774 2618 818 2704 (v.
843 2617 920 2702 611)
945 2622 1081 2701 ...„ut
1103 2641 1210 2705 neque

86 2725 169 2813 quid
191 2747 244 2792 me
266 2724 388 2791 t'aciam
411 2745 471 2790 neo
494 2723 574 2811 quid
596 2746 695 2812 agam
718 2728 849 2791 certum
872 2725 949 2792 sir.
996 2723 1047 2791 At
1069 2725 1150 2812 quin
1172 2746 1209 2789 re

86 2852 172 2897 vera
195 2830 230 2896 se
248 2828 428 2896 Sostratae
451 2832 487 2894 et
502 2828 699 2916 Pamphilae
722 2851 871 2916 purgare
896 2829 1015 2898 eiiam
1038 2833 1111 2896 tum
1134 2850 1209 2917 pro-

86 2935 237 3022 positum
268 2933 388 3013 fuerit,
423 2956 496 2999 oum
526 2933 562 2998 in
593 2955 745 2999 scaenam
777 2935 1079 3021 progrediebatur,
1112 2955 1209 2999 nemo

87 3039 270 3106 dubitabit.
350 3035 353 3040 ’

177 3144 327 3211 Eandem
356 3143 523 3210 rationem
545 3143 732 3209 invenimus
763 3143 798 3207 in
821 3143 927 3209 Andr.
951 3164 1071 3220 scaeua
1093 3144 1153 3225 IV,
1181 3147 1210 3223 1,

88 3251 256 3316 Charinus
290 3250 377 3316 enim
407 3247 449 3314 de
483 3248 611 3335 nuptiis
644 3247 863 3345 Philumenae
896 3251 931 3314 et
962 3247 1129 3335 Pamphili
1162 3249 1210 3314 in·

87 3356 261 3423 stantibus
284 3377 304 3421 a
326 3354 456 3441 Byrria
478 3354 606 3420 certior
628 3353 739 3419 factus
761 3353 797 3418 in
820 3374 941 3418 scaena
962 3352 1094 3418 demum
1112 3353 1210 3420 Pam·

86 3461 182 3548 philo
195 3460 296 3526 animi
308 3457 567 3526 inconstantiam
581 3459 784 3545 exprobrare
797 3457 860 3524 sibi
873 3480 1061 3545 proponere
1074 3457 1211 3524 videtur

86 3565 241 3655 (aaran).
288 3563 354 3630 Sed
377 3564 480 3629 etiam
502 3563 565 3629 hoc
588 3562 660 3629 loeo
684 3563 815 3628 aditum
837 3562 872 3628 in
895 3583 1049 3628 scaenam
1073 3585 1110 3630 eo
1135 3584 1211 3629 con-

87 3670 165 3737 silio
189 3669 328 3756 probari
351 3667 551 3755 Spengelius
576 3675 668 3733 recte
692 3665 899 3754 cognoviffl).
923 3723 927 3728 .

182 3804 208 3870 l)
228 3801 288 3854 Huc
308 3818 362 3854 nou
381 3801 501 3869 pertinet
519 3800 595 3854 loeus
615 3800 686 3853 Sam.
707 3803 768 3865 296,
793 3800 858 3865 quia
876 3799 904 3851 in
924 3798 1101 3852 Parmenonis
1122 3798 1211 3852 verbis

86 3892 157 3946 nihil
176 3891 230 3943 iani
248 3889 426 3944 dubitationis
445 3891 523 3944 inest.

181 3984 208 4047 2)
229 3979 306 4032 Hanc
334 3995 460 4032 scaenam
480 3980 503 4032 si
523 3980 668 4043 Terentius
695 3977 729 4032 de
755 3995 804 4032 suo
823 3976 930 4031 addidit
955 3980 990 4048 (v.
1012 3978 1110 4031 Donat.
1131 3977 1166 4031 ad
1186 3978 1212 4030 ll

88 4077 112 4138 l,
130 4075 160 4124 l:
183 4069 256 4137 „Has
282 4083 416 4136 personas
436 4069 580 4122 Terentius
606 4066 712 4121 addidit
735 4066 862 4134 fabulae,
893 4083 956 4122 nam
982 4083 1036 4121 uon
1056 4072 1119 4120 sunt
1139 4067 1212 4133 apud

86 4157 271 4215 Menandrum
286 4200 291 4210 .
304 4200 309 4211 .
322 4161 368 4226 fl),
396 4157 425 4211 id
444 4157 519 4226 quod
537 4174 591 4211 non
610 4157 678 4211 satis
698 4161 814 4222 constat,
840 4157 942 4224 optime
961 4163 1048 4209 artem
1068 4155 1212 4209 Menandri

87 4248 248 4306 observavit
275 4253 302 4300 et
329 4247 452 4300 imitatus
481 4253 523 4301 est
551 4246 597 4317 (cf.
624 4245 761 4299 Fraenkel
788 4263 815 4313 p.
840 4248 895 4315 57).
941 4246 998 4298 Leo
1026 4246 1100 4311 (hist.
1127 4243 1211 4298 litter.

86 4360 114 4410 p.
129 4341 211 4407 239):
234 4337 355 4406 „Terenz
375 4336 448 4404 zeigt
468 4336 525 4389 sich
538 4336 675 4390 durchaus
694 4335 771 4402 f'ahig
790 4333 846 4388 und
859 4336 950 4402 getht,
970 4335 1020 4388 wie
1040 4335 1083 4388 ein
1096 4333 1213 4387 auderet

86 4429 217 4499 Epigono
236 4426 286 4480 der
304 4441 391 4479 neuen
410 4425 543 4479 Kombdie
562 4423 727 4479 Menanders
747 4423 887 4478 Stilmittel
907 4423 1116 4477 anzuwenden“.
