3098 5204
860 433 902 498 14

348 606 350 610 ’
407 607 480 672 Iam
502 629 568 672 non
583 600 772 694 possumne,
792 607 872 694 quin
886 605 1084 694 Euripidem
1100 605 1238 672 illorum
1252 604 1448 672 comoediae

319 709 471 777 locorum
503 711 674 800 exemplar
702 711 807 778 fuisse
837 733 1037 780 censeamus.
1092 709 1256 797 Tragicos
1289 709 1447 796 exempla

319 816 493 883 variorum
508 817 691 884 affectuum
707 816 976 902 effingendorum
991 811 1122 884 invenit
1144 837 1212 882 non
1235 815 1344 882 solum
1366 813 1448 880 dra-

319 921 413 1002 mati,
452 921 511 988 sed
542 921 693 988 omnibus
727 921 922 988 litterarum
953 921 1144 1008 generibus.
1199 919 1329 986 Nostra
1358 938 1445 986 vero

319 1025 464 1093 interest
493 1025 619 1108 videre,
652 1024 817 1114 quomodo
840 1027 966 1092 affeetu
989 1045 1070 1102 usus
1103 1023 1159 1108 sit,
1192 1027 1232 1090 ut
1263 1024 1446 1092 introitum

319 1151 540 1216 personarum
562 1132 735 1218 probaret.
990 1129 992 1134 ’

408 1238 437 1300 a.'
469 1234 660 1302 Identidem
685 1255 846 1322 personas
870 1232 1010 1316 induoit,
1034 1255 1119 1321 quae
1142 1234 1277 1314 affeetu,
1302 1237 1444 1321 ut'pro-

320 1338 424 1416 deant
446 1343 483 1406 et
505 1339 658 1406 miserias
682 1361 760 1406 suas
783 1343 937 1419 narrent,
970 1341 1229 1421 commoventur,
1253 1359 1361 1425 neque
1384 1337 1445 1404 ho·

323 1443 429 1510 mines
453 1446 559 1510 testes
584 1439 739 1510 dolorum
761 1443 901 1526 faciunt,
926 1443 985 1509 sed
1007 1442 1234 1526 solitudinem,
1257 1481 1301 1490 —
1323 1442 1443 1529 itaque

325 1568 455 1634 semper
470 1547 513 1613 .in
536 1569 690 1615 scaenam
712 1569 853 1614 vacuam
867 1547 1053 1630 introeunt,
1078 1585 1120 1596 -
1143 1550 1179 1613 et
1202 1547 1361 1613 invocant
1382 1567 1443 1612 na-

323 1649 439 1718 turam
460 1656 497 1719 et
518 1653 695 1718 elementa.

407 1757 539 1846 Primus
572 1757 642 1822 eius
674 1757 764 1823 modi
795 1753 899 1822 loeus¹
920 1759 956 1823 et
985 1778 1026 1823 ex
1058 1755 1206 1844 antiquis
1235 1755 1444 1843 temporibus
1546 1792 1547 1795 ¹

319 1861 610 1949 praeclarissimus
631 1868 683 1928 est
697 1861 860 1948 prologus
877 1861 1025 1943 Medeae,
1048 1861 1172 1948 inqua
1190 1881 1311 1927 scaena
1324 1860 1443 1926 nutrix

320 1965 458 2032 Medeae
481 1965 596 2032 dolore
619 1969 656 2032 et
669 1987 823 2032 maerore
839 1968 1049 2052 perturbata,
1075 1987 1148 2031 oum
1171 1965 1303 2030 omnino
1327 1965 1443 2031 amieis

322 2075 447 2153 eareat,
472 2074 587 2138 terrae
610 2074 646 2137 et
667 2071 758 2137 caelo
775 2070 929 2136 dominae
944 2091 999 2136 res
1015 2069 1174 2137 adversas
1189 2073 1328 2137 narrat:
1352 2093 1383 2137 v.
1401 2071 1444 2136 56

418 2165 422 2177 ⁶
531 2186 592 2268 ἐγὼ
616 2184 672 2270 γὰρ
696 2187 726 2256 ἐς
749 2185 827 2248 τοῦτ’
849 2183 990 2270 ἐκβέβηκ’
1016 2184 1190 2268 ἀλγηδόνος,
1233 2215 1236 2220 ¹

531 2289 607 2352 ὥσθ’
631 2287 732 2375 ἵμερος
757 2290 785 2374 μ’
812 2289 929 2374 ὑπῆλθε
952 2298 992 2374 γῇ
1014 2272 1054 2352 τε
1069 2289 1206 2375 κούρανῷ

480 2378 482 2382 ¹
531 2395 611 2465 λέξαι
637 2395 768 2481 μολούοη
793 2397 882 2480 δεῦρο
907 2396 1063 2480 δεσποίνης
1086 2394 1179 2480 τύχας
1190 2393 1224 2480 1).

323 2493 493 2572 Scholium
522 2501 566 2575 ad
596 2533 629 2576 v.
653 2510 694 2574 57
728 2508 927 2576 adnotatum
959 2509 1079 2575 laudat
1111 2529 1261 2576 oausam:
1299 2510 1397 2578 καλῶς
1427 2509 1443 2569 t

246 2667 249 2670 ,
324 2609 487 2696 Εὐριπίδης
512 2614 675 2698 μεμίμηται
696 2614 763 2686 τοὺς
792 2615 822 2678 ἐν
857 2614 998 2698 μεγάλαις
1022 2614 1192 2699 δυστυχίαις
1215 2613 1444 2696 ἐξεταζομένους

323 2715 373 2778 καὶ
403 2715 508 2805 μηδενὶ
536 2724 595 2781 τῶν
626 2719 794 2802 ἀνθρώπων
825 2719 1007 2804 θαρροῦντας
1030 2719 1210 2800 ἀπαγγεῖλαι
1232 2715 1268 2781 τὰ
1292 2719 1449 2808 δυστυχη-Ὶ

325 2845 451 2905 ματα..
470 2821 575 2898 ,odom
597 2820 653 2908 γὰρ
677 2827 791 2886 σιωπᾶν
809 2820 866 2914 λτολς
891 2821 1046 2908 συμφορὰς
1071 2822 1115 2908 ’μὴ
1140 2821 1297 2907 δυνάμενοι
1319 2821 1369 2887 καὶ
1392 2822 1444 2886 λε’-

979 2932 994 2948 ‘n

323 2947 385 3008 γειν
416 2927 587 3011 ἀνθρώποις
619 2927 800 3013 φοβούμενοι
830 2921 947 3012 οὐρανῷ
978 2932 1104 3012 ηγηῆ
1135 2929 1216 2999 θεοῖς
1246 2925 1346 2999 ἄλλοις
1375 2930 1443 3012 διη-

323 3035 452 3114 γοῦνται.
571 3043 572 3048 ’
952 3119 954 3124 Ι

409 3136 548 3203 Affeotu
578 3137 682 3203 etiam
711 3137 921 3224 Hippolytus
953 3159 986 3203 v.
1004 3136 1073 3220 ,601
1097 3158 1139 3202 ss.
1172 3135 1370 3224 impeHitur,
1402 3141 1442 3204 ut

321 3243 466 3307 naturae
489 3245 664 3329 queratur,
690 3263 788 3332 quam
810 3241 947 3309 invocat
1095 3247 1096 3250 ’

532 3349 556 3410 ὦ
580 3350 652 3430 γαῖα
676 3355 767 3432 μῆτερ
790 3347 877 3431 ἡλίου
901 3347 924 3410 τ’
950 3348 1128 3430 ἀναπτοχαί,

532 3451 602 3515 οἵων
625 3452 722 3534 λόγων
747 3450 873 3537 ἄρρητον
897 3452 1048 3536 εἰσηκοοο’
1074 3451 1141 3518 ὄπα.

322 3553 506 3642 Postquam
528 3557 648 3622 nutrix
671 3555 845 3622 Phaedrae
868 3577 923 3622 res
947 3556 1117 3623 inauditas
1141 3579 1215 3621 oum
1238 3577 1276 3622 eo
1301 3575 1442 3621 eommu-

321 3661 451 3728 nieavit
473 3668 508 3727 et
530 3683 605 3727 eum
627 3660 663 3726 in
686 3665 841 3749 stuprum
855 3660 985 3726 illicere
1002 3660 1143 3744 studuit,
1168 3682 1189 3726 a
1210 3660 1275 3726 tali
1290 3660 1441 3748 nequitia

322 3763 506 3832 abhorrens
530 3765 638 3830 animo
663 3786 762 3852 quam
783 3765 926 3833 maxime
949 3768 1112 3831 commoto
1141 3787 1183 3830 ex
1205 3763 1342 3832 aedibus
1367 3786 1442 3850 pro-

322 3869 442 3935 currit.
488 3869 556 3936 Sed
588 3893 623 3936 se
653 3870 722 3935 luei
752 3873 786 3936 et
810 3875 924 3936 terrae
947 3891 1032 3957 quae
1057 3869 1122 3936 sibi
1144 3869 1327 3937 acciderint
1350 3869 1441 3936 dete·

322 3995 402 4060 gere
418 3974 520 4064 ¹velle
548 3996 615 4040 non
646 3974 775 4062 apertis
797 3974 910 4041 verbis
934 3973 1033 4056 dioit,
1048 4015 1050 4018 -
1067 3975 1156 4061 quod
1177 3975 1284 4062 magis
1309 3978 1441 4060 pertur-

322 4082 421 4152 batus
445 4084 506 4163 est,
531 4101 631 4166 quam
653 4083 693 4146 ut
708 4101 843 4158 oausam
858 4078 972 4148 aditus
997 4081 1166 4169 explicare
1188 4081 1304 4166 possit.
1339 4080 1440 4148 Prae-

324 4225 530 4232 ...-.-...,-,«

404 4292 440 4360 ·1)
460 4291 538 4346 Hano
558 4307 667 4347 causam
687 4291 791 4351 Ennius
815 4293 920 4360 recepit
946 4291 980 4344 of.
1008 4291 1042 4346 fr.
1062 4267 1102 4346 ΠΙ
1121 4290 1235 4347 Medeae
1255 4292 1342 4346 exulis
1361 4308 1387 4360 p.
1407 4294 1439 4346 51

321 4381 402 4434 Ribb.
