3098 5204
906 434 950 500 44

457 610 536 677 Non
551 629 630 676 casu
647 617 683 675 et
699 609 843 676 fortuito
861 599 989 676 factum
1005 611 1066 692 est,
1091 611 1131 674 ut
1147 608 1250 675 etiam
1265 607 1302 674 in
1316 629 1480 676 11111111-

371 713 521 780 moadiae
534 713 711 801 permultis
725 713 862 795 scaenis,
879 713 915 778 in
927 712 1048 800 quibus
1061 711 1224 800 repetitio
1236 711 1420 793 invenitur,
1436 711 1481 777 vel

371 819 483 885 altera
491 839 638 906 persona
647 817 792 884 alteram
803 816 951 884 adducat
960 817 1016 885 vel
1025 817 1138 884 altera
1146 817 1293 884 alteram
1303 816 1439 884 comitet
1474 865 1480 879 .

459 923 556 989 Hanc
579 923 748 990 rationem
763 922 904 990 comicos
921 922 1025 989 etiam
1048 921 1091 988 ad
1113 923 1257 989 formam
1280 922 1405 988 secreti
1426 921 1481 986 col·

372 1027 478 1114 loquii
500 1027 720 1118 adaptavisse
740 1027 809 1094 iam
831 1049 934 1114 supra
956 1026 1127 1106 adnotavi.

366 1272 368 1278 ,
464 1207 495 1274 (1.
519 1207 614 1276 Idem
636 1210 747 1296 poeta,
780 1208 839 1294 qui
870 1210 971 1274 tanta
1002 1211 1086 1291 arte,
1120 1207 1208 1296 quod
1230 1207 1398 1276 vitamet
1419 1205 1482 1274 veri

369 1314 515 1401 speeiem
540 1313 746 1395 observavit,
769 1323 907 1392 'scaenas
931 1313 1009 1380 illas
1033 1313 1191 1397 excoluit,
1220 1312 1256 1378 in
1279 1312 1399 1399 quibus
1420 1333 1482 1398 per·

358 1439 475 1493 'sonae
508 1417 674 1505 colloquio
705 1416 773 1484 iam
804 1417 938 1504 incepto
969 1417 1186 1499 inducuntur,
1225 1417 1311 1484 miro
1344 1415 1439 1483 modo
1467 1436 1482 1479 a

374 1521 495 1610 specie·
507 1522 583 1589 veri
604 1521 789 1588 declinavit
811 1521 880 1588 alia
901 1522 1035 1588 ratione
1049 1522 1208 1607 inventa.
1253 1521 1342 1588 Nam
1364 1521 1480 1608 primns

373 1649 512 1694 scaenas
537 1627 716 1694 ostendere
747 1627 868 1714 coepit,
900 1626 938 1693 in
970 1627 1091 1714 quibus
1115 1626 1215 1694 duae.
1234 1626 1398 1714 personae
1418 1647 1482 1712 pro·

373 1730 486 1812 deaut,
524 1753 663 1819 quarum
684 1730 808 1798 ‘altera
842 1731 945 1798 alteri
978 1731 1151 1817 negotium
1186 1730 1324 1818 aliquod
1345 1729 1481 1810 mandat,

373 1836 470 1924 quod,
504 1836 534 1904 si
564 1842 722 1904 accurate
755 1837 880 1923 species
914 1837 988 1904 veri
1020 1840 1161 1904 servata
1192 1839 1292 1938 esset,
1324 1835 1392 1902 iam
1414 1838 1481 1901 ante

372 1940 502 2008 aditum
524 1941 560 2007 in
582 1963 736 2008 scaenam
758 1941 876 2008 datum
900 1963 970 2008 1111
993 1940 1147 2008 debebat.
1258 1940 1261 1948 ’

336 2134 338 2137 ¹
428 2053 430 2065 '
463 2047 491 2115 1.
516 2045 667 2112 Primum
689 2045 876 2133 exemplum
900 2031 974 2112 eius
994 2047 1133 2128 formae,
1159 2053 1321 2134 quantum
1336 2041 1482 2110 11111111-

372 2174 454 2231 mus,
480 2153 534 2218 est
557 2171 678 2218 scaena
692 2149 828 2217 Hercul.
845 2151 981 2216 82311.;
1006 2151 1072 2216 Iris
1097 2155 1133 2217 et
1155 2149 1293 2216 Insania
1315 2153 1484 2236 postquam

372 2259 605 2342 apparuerunt
627 2256 663 2320 in
685 2255 838 2324 machina
861 2259 1025 2338 astantes,
1049 2255 1394 2322 11111111830-832
1418 2254 1484 2320 deo-

371 2383 448 2427 rnm·
478 2360 599 2428 nuntia
629 2360 791 2426 Iunonem
823 2363 858 2426 et
893 2383 929 2426 se
959 2360 1066 2447 ipsam
1098 2359 1281 2426 Herculem
1312 2357 1485 2447 parricidio

374 2464 587 2550 obstringere
602 2486 725 2551 cupere
741 2465 825 2544 dicit
839 2465 981 2551 ideoque
1000 2489 1027 2531 v.
1042 2466 1139 2530 833s.
1171 2463 1330 2531 Insaniae
1345 2463 1485 2544 mandat,

373 2571 414 2634 ut
436 2568 575 2635 Herculi
597 2567 750 2635 furorem
771 2569 891 2635 iniciat
898 2593 905 2653 ;
930 2569 1050 2637 deinde
1065 2568 1133 2635 Iris
1148 2568 1276 2636 avolat.
1322 2567 1417 2656 Ergo
1435 2587 1486 2634 cur

373 2674 512 2741 insania
535 2675 637 2755 adsit,
673 2674 798 2760 optime
831 2673 1064 2760 intellegitur:
1098 2673 1252 2741 conficiet
1282 2672 1485 2748 mandatum

373 2779 433 2845 sed
456 2800 565 2862 causa,
600 2801 666 2865 qua
697 2781 862 2845 commota
885 2779 952 2845 Iris
976 2779 1133 2844 simul-in
1157 2799 1309 2844 scaenam
1341 2780 1485 2863 ingressa

374 2884 429 2964 sit,
454 2883 777 2971 desideratamque
801 2883 888 2950 euim
910 2907 948 2949 re
971 2886 1089 2950 coacta
1104 2886 1157 2949 est
1171 2883 1206 2948 in
1222 2903 1343 2970 scaena
1365 2882 1484 2976 demum

372 2987 458 3055 illud
480 2989 654 3075 negotium
676 2987 861 3056 mandare?
906 2987 1035 3055 Verum
1057 2992 1172 3054 tamen
1200 2987 1282 3074 quid
1312 2994 1415 3074 poeta
1435 3007 1483 3052 vo·

367 3093 487 3174 ''luerit
522 3094 647 3181 optime
678 3094 898 3180 perspicimus
923 3105 958 3160 et
980 3095 1175 3181 probamus;
1210 3092 1391 3180 Euripides
1414 3111 1483 3158 vere

369 3207 474 3288 poeta
497 3199 664 3264 actionem
686 3199 721 3263 in
744 3219 866 3264 scaena
889 3198 1036 3286 conspici
1050 3219 1150 3284 quam
1167 3194 1400 3267 narrationem·
1419 3194 1483 3284 pro·

372 3303 450 3390 logo
471 3303 617 3375 similem
646 3302 759 3369 audiri
789 3302 909 3368 maluit
933 3302 998 3389 (Of.
1023 3302 1146 3369 Donat.
1171 3303 1215 3368 ad
1237 3301 1345 3368 Andr.
1369 3303 1397 3385 Ι,
1423 3299 1483 3367 1.1.

374 3408 435 3491 „In
451 3408 514 3474 hac
531 3429 651 3474 scaena
666 3406 749 3474 haec
764 3407 876 3474 virtus
893 3409 954 3490 est,
979 3411 1019 3473 ut
1034 3402 1226 3494 argumenti
1248 3407 1401 3473 narratio
1420 3425 1484 3472 esse

369 3513 462 3588 *actio
486 3512 637 3578 scaenica
659 3511 864 3595 videatur“.)
893 3511 1015 3598 ltaque
1038 3511 1074 3577 id
1096 3512 1186 3599 quod
1207 3495 1484 3588 Wilamowitzins

367 3617 416 3683 ad
440 3641 471 3682 v.
495 3617 560 3683 822
584 3616 682 3682 dicit:
719 3615 806 3700 „Iris
837 3613 1015 3683 orientiert
1039 3616 1203 3682 zundchst
1226 3615 1315 3683 Chor
1338 3615 1408 3682 und
1429 3615 1485 3680 Zu-

373 3723 512 3789 schauer
523 3721 792 3809 gleichermassen
804 3723 887 3788 iiber
899 3721 953 3786 die
965 3721 1234 3788 iiberraschende
1247 3720 1484 3804 Erscheinnng.

371 3828 426 3893 Da
450 3819 568 3893 nichts
585 3824 650 3891 den
673 3826 865 3892 Zuschauer
894 3824 956 3892 auf
976 3825 1066 3892 diese
1088 3825 1261 3892 Personeu
1284 3823 1485 3891 vorbereitet

372 3933 442 4010 hat,
475 3954 510 3997 so
535 3929 628 3997 steht
650 3930 711 3995 der
734 3929 877 3996 Dichter
900 3953 962 3997 vor
991 3931 1167 3997 darselban
1189 3931 1348 4016 Aufgabe
1371 3929 1434 3996 wie
1456 3927 1485 3990 111

372 4037 436 4103 den
452 4033 624 4122 Prologen
639 4035 708 4100 und
722 4035 793 4101 lost
809 4035 856 4100 sie
873 4037 1026 4101 ebenso“.
1058 4057 1131 4100 cum
1147 4034 1344 4123 exceptione
1359 4036 1485 4118 tantum

372 4146 500 4208 rectum
524 4143 593 4224 est;
617 4161 694 4207 nam
717 4144 818 4225 poeta
842 4160 1042 4227 quamquam
1062 4139 1097 4204 id
1112 4139 1196 4224 agit,
1221 4141 1260 4204 ut
1283 4141 1485 4226 spectatores

372 4285 433 4348 526,
459 4280 544 4335 Andr.
564 4283 624 4346 228,
651 4279 700 4334 Ad.
721 4283 782 4346 636,
810 4281 917 4334 Curcul.
937 4283 997 4346 384,
1025 4280 1104 4334 Milit.
1127 4283 1208 4334 1378:
1236 4279 1327 4333 Etiam
1347 4276 1485 4332 1111111111-

372 4378 479 4424 trorsus
499 4369 628 4436 loquendi
647 4376 689 4423 est
708 4369 836 4438 repetitio
857 4369 986 4437 colloquii
1004 4375 1083 4422 extra
1103 4384 1229 4422 scaenam
1249 4368 1344 4422 habiti.
