3098 5204
798 453 915 526 ,24

332 626 514 708 exstitisse,
544 649 571 691 e.
594 648 646 712 gr.
671 629 810 713 praeter
834 625 894 692 hos
917 624 1008 693 locos
1031 625 1187 693 Pseudol.
1211 627 1275 694 956
1299 631 1335 694 et
1358 626 1467 696 Stra-
1546 649 1547 666 ³

331 732 421 798 tonis
444 730 489 796 fr.
510 731 526 796 1
551 732 572 816 ).
797 740 802 751 “

419 835 514 902 Unus
547 835 649 918 locus,
686 858 750 922 quo
784 834 906 922 aliquis
938 834 1063 921 gaudio
1096 835 1207 902 elatus
1242 857 1284 902 ex
1315 835 1466 903 aedibus

331 939 491 1028 prodiens
515 940 615 1007 deos
639 939 785 1015 invocat,
810 937 899 1026 apud
921 937 1096 1027 Diphilum
1118 939 1262 1028 legitur:
1301 940 1343 1006 In
1365 939 1466 1008 Ruri.

332 1069 364 1111 v.
388 1045 471 1111 1191
504 1045 693 1112 Daemones
728 1042 894 1130 verbis²):
944 1043 1045 1128 „Pro
1083 1043 1125 1110 di
1161 1032 1464 1112 immortales“

333 1149 411 1216 deos
442 1153 549 1216 testes
580 1172 691 1216 rerum
720 1148 942 1216 secundarum
964 1148 1111 1216 invocat.
1156 1149 1288 1215 Deinde
1309 1149 1467 1217 Tracha-

331 1253 462 1336 lionem,
488 1253 545 1340 qui
568 1256 611 1320 ab
635 1276 674 1320 eo
697 1252 870 1322 adferunt
891 1253 942 1320 ire
965 1252 1074 1320 iussus
1098 1239 1159 1336 est,
1184 1253 1331 1320 nondum
1347 1254 1467 1321 exisse

331 1358 485 1426 miramur.
533 1358 599 1441 qui
629 1362 809 1446 postquam
840 1358 875 1422 in
907 1379 1027 1424 scaena
1059 1357 1233 1445 apparuit,
1266 1358 1465 1427 Daemones

333 1462 452 1546 omnia,
476 1485 562 1552 quae
585 1464 617 1529 ei
640 1463 871 1545 mandaverat,
895 1463 1033 1550 repetit.

424 1641 450 1709 1)
470 1640 606 1697 Stratonis
619 1639 803 1707 fragmentum
823 1655 856 1693 ex
870 1637 1034 1694 Phoenicide
1048 1645 1184 1693 servatum
1204 1639 1239 1694 ab
1258 1638 1354 1694 iisdem
1371 1641 1465 1694 verbo

333 1733 412 1783 tenus
431 1729 555 1783 versibus
575 1727 725 1794 exorditur,
746 1728 843 1796 quibus
865 1727 1029 1784 Philemonis
1049 1728 1134 1782 locus.

423 1819 452 1888 2)
471 1819 513 1872 Dc
532 1818 584 1872 hac
602 1833 702 1872 scaena
720 1815 767 1884 IV,
788 1819 803 1870 5
824 1817 889 1884 quia
908 1817 964 1871 Leo
983 1815 1126 1871 iudicavit:
1148 1833 1264 1886 ,scaena
1280 1834 1335 1872 non
1348 1816 1466 1873 videtur

333 1907 450 1976 genuina
469 1923 537 1970 esse,
558 1908 660 1976 scripta
679 1907 806 1972 fortasse,
826 1911 857 1960 ut
875 1921 992 1974 sequens
1009 1906 1149 1961 decurtari
1162 1907 1276 1976 possit‘t,
1295 1923 1355 1962 eam
1374 1923 1466 1976 genu·

333 1996 406 2050 inam
433 2012 495 2062 esse
522 1995 696 2051 ostendamus
724 2011 836 2050 necesse
862 2002 911 2048 est.
949 1995 1078 2050 Profecto
1098 1995 1298 2050 concedendum
1324 2001 1366 2050 est
1385 1997 1466 2051 hunc

332 2085 421 2138 locum
440 2085 526 2139 multa
545 2085 686 2154 praebere,
707 2100 777 2152 quae
796 2084 905 2138 solitam
918 2085 1053 2139 rationem
1066 2083 1214 2139 excedant:
1234 2101 1368 2152 nusquam
1385 2085 1466 2140 alias

332 2173 361 2227 in
379 2173 481 2228 fabulis
500 2173 635 2228 Plautinis
654 2174 772 2242 reperiri
791 2179 883 2241 potest
912 2189 1073 2242 quemquam
1099 2180 1162 2242 post
1189 2175 1294 2242 aliquot
1318 2175 1404 2228 verba
1436 2177 1467 2229 in

333 2277 432 2316 scaena
451 2261 525 2319 dicta
543 2263 679 2316 introrsus
699 2269 826 2331 spectare
845 2253 873 2316 et
891 2262 973 2329 loqui.
1009 2263 1142 2331 Imprimis
1162 2268 1253 2323 autem
1272 2264 1348 2317 locus
1365 2264 1466 2332 singu·

332 2351 399 2406 laris
426 2358 468 2406 est
492 2351 562 2405 mira
587 2353 777 2406 coniunctione
804 2351 955 2404 formarum
974 2352 1195 2420 Euripidearum,
1225 2368 1293 2419 quas
1317 2368 1387 2406 nova
1418 2371 1467 2408 eo-

332 2440 439 2495 moedia
459 2441 624 2516 assumpsit:
645 2444 671 2509 1)
692 2439 806 2494 affectus
820 2456 920 2495 causae
933 2439 1059 2506 adeundi,
1080 2445 1108 2507 2)
1128 2441 1376 2508 praenuntiationis
1395 2459 1468 2509 per-

333 2544 416 2584 sonae
436 2545 506 2597 quas
525 2529 593 2583 miro
608 2528 687 2584 modo
700 2529 808 2584 tardius
827 2528 902 2584 venit
921 2533 1000 2598 (1201
1024 2528 1159 2598 „nondum
1173 2545 1311 2599 egressum
1330 2531 1358 2583 id
1372 2530 1467 2586 miror

333 2625 433 2684 tamen,
462 2618 497 2672 cf.
517 2619 591 2673 infra
609 2635 672 2688 pag.
692 2622 726 2672 49
737 2634 790 2687 ss.;
821 2619 848 2687 3)
875 2619 979 2686 negotii
996 2619 1026 2671 iu
1044 2633 1143 2672 scaena
1163 2617 1221 2672 dati
1247 2620 1294 2686 (cf.
1321 2637 1347 2687 p.
1367 2623 1402 2672 44
1416 2621 1465 2690 a).

333 2707 375 2762 Eo
395 2707 467 2776 quod
487 2713 570 2775 poeta
594 2709 644 2762 has
669 2707 773 2761 formas
800 2709 828 2761 in
853 2709 937 2761 unum
962 2723 1053 2760 omnes
1074 2709 1161 2760 locum
1181 2708 1327 2776 congessit,
1356 2723 1467 2764 scaena

332 2813 447 2865 prorsus
467 2796 607 2851 incondita
625 2797 701 2850 facta
721 2802 770 2850 est.
808 2799 845 2850 At
865 2811 924 2850 cum
944 2796 1078 2849 eiusmodi
1096 2812 1150 2863 res,
1180 2812 1251 2864 quae
1270 2803 1365 2864 aperte
1383 2797 1467 2852 inter

321 2902 363 2940 -se
382 2885 547 2954 discrepent,
577 2887 604 2939 in
624 2887 666 2938 his
687 2885 792 2940 scaenis
812 2886 857 2950 IV,
878 2888 893 2937 5
913 2891 941 2939 et
959 2885 1042 2948 lV,6
1071 2901 1125 2939 non
1143 2875 1273 2953 leguntur
1301 2893 1359 2940 turn
1378 2903 1467 2943 accu-

333 2975 423 3028 ratius
441 2975 580 3044 exquisita
599 2991 699 3029 scaena
718 2975 763 3039 lV,
784 2979 800 3051 11
819 2989 917 3028 revera
936 2974 1004 3027 nihil
1023 2975 1133 3029 obvenit
1153 2973 1263 3042 dignum
1283 2974 1355 3042 quod
1374 2991 1467 3046 prop-

333 3070 410 3117 terea
423 3063 577 3129 inducatur,
597 3065 662 3131 quia
675 3071 739 3132 post
751 3079 877 3118 scaenam
896 3063 942 3129 IV,
957 3067 973 3115 5
992 3063 1071 3117 nimis
1085 3063 1195 3131 copiose
1208 3069 1236 3117 et
1248 3065 1341 3132 inepte
1353 3063 1466 3121 dictum

334 3153 378 3206 sit.
410 3152 456 3206 Nil
475 3153 546 3206 enim
565 3153 593 3207 in
612 3159 731 3220 utraque
750 3169 849 3206 scaena
868 3152 969 3206 dicitur
987 3151 1041 3206 nisi
1060 3151 1247 3220 Plesidippum
1259 3152 1467 3209 Atheniensem

334 3247 533 3309 cognatumque
553 3242 685 3296 Daemoni
704 3258 771 3296 esse.
810 3242 893 3294 Immo
914 3256 1039 3296 scaenam
1058 3230 1104 3308 IV,
1124 3245 1140 3295 6
1160 3246 1275 3308 propter
1293 3241 1389 3303 iocum,
1411 3245 1467 3310 qui

332 3330 464 3384 vocabulo
486 3331 582 3398 „licet“
603 3337 738 3399 perpetuo
757 3333 857 3386 iterato
877 3330 1003 3397 efficitur,
1022 3331 1049 3383 in
1069 3330 1173 3384 deliciis
1191 3329 1351 3398 plebeculae
1369 3328 1468 3388 fuisse

333 3425 409 3488 puto.
446 3418 567 3487 Accedit,
588 3420 660 3487 quod
680 3435 779 3474 scaena
799 3421 845 3485 lv,
866 3424 881 3472 5
902 3426 1011 3474 retenta
1030 3426 1087 3474 tres
1108 3426 1184 3473 actus
1204 3417 1338 3472 Rudentis
1358 3435 1374 3472 a
1393 3423 1468 3476 soli-

334 3509 427 3576 loquio
453 3509 600 3563 Daemonis
625 3509 766 3564 exordium
793 3509 898 3563 faciunt
926 3513 999 3575 (593,
1020 3511 1080 3575 892,
1103 3511 1190 3574 1191),
1222 3506 1295 3574 quod
1319 3523 1353 3562 ex
1379 3519 1466 3565 certo

334 3597 448 3651 consilio
467 3605 567 3666 poetae
584 3608 674 3653 ortum
692 3614 752 3652 esse
771 3598 887 3652 videtur.
924 3599 1011 3652 Porro
1032 3598 1149 3667 quadam
1176 3603 1235 3650 arte
1254 3596 1395 3664 Diphilum
1418 3598 1467 3654 fa-

333 3689 424 3742 bulam
443 3689 484 3742 ita
496 3689 682 3756 composuisse
696 3688 823 3754 arbitror,
843 3693 874 3742 ut
893 3689 972 3741 huius
992 3695 1069 3740 actus
1083 3687 1189 3739 initium
1203 3685 1290 3738 faciat
1302 3685 1467 3743 Daemones

333 3781 374 3833 vir
400 3779 461 3846 pius
490 3779 647 3846 probusque
672 3779 766 3846 itaque
792 3793 883 3830 rerum
902 3776 1082 3831 secundarum
1102 3792 1173 3829 nunc
1191 3775 1331 3843 particeps
1350 3774 1466 3832 verbis:

336 3867 405 3936 „Pro
425 3866 453 3919 di
472 3866 654 3921 immortales!
681 3866 742 3933 quis
762 3882 804 3919 mc
824 3873 865 3920 est
884 3866 1054 3920 fortunatior
1068 3907 1072 3917 .
1086 3866 1157 3928 ..?“,
1179 3871 1255 3918 actus
1276 3869 1367 3918 autem
1384 3864 1466 3920 inse—

335 3972 420 4025 quens
439 3956 600 4011 exordiatur
618 3973 635 4010 a
654 3955 787 4010 Labraris
812 3956 918 4010 lenonis
945 3955 1072 4022 sacrilegi
1097 3954 1204 4007 verbis:
1235 3954 1317 4022 „Quis
1346 3969 1388 4006 me
1415 3964 1466 4011 est

334 4047 458 4100 mortalis
478 4047 611 4110 miserior,
632 4046 679 4112 qui
699 4046 770 4098 vivat
789 4045 860 4099 alter
879 4043 961 4098 hodie
972 4087 976 4096 .
989 4085 995 4098 .
1008 4045 1051 4096 .?“
1084 4044 1144 4096 Duo
1160 4043 1245 4111 igitur
1257 4041 1370 4097 exordia
1383 4042 1467 4099 inter

335 4151 364 4190 se
383 4133 551 4200 respondent
570 4141 597 4188 et
617 4134 692 4188 sacta
711 4141 783 4196 sunt,
802 4140 833 4187 ut
852 4134 984 4187 iustitiam
1004 4131 1116 4186 deorum
1136 4131 1330 4185 demonstrent.
1360 4129 1466 4188 Talem

334 4225 556 4292 compositionem
585 4225 612 4277 in
641 4223 702 4277 aliis
730 4239 838 4291 quoque
863 4222 969 4276 scaenis
993 4220 1128 4276 Rudentis
1155 4221 1211 4275 Leo
1238 4220 1373 4290 (Qurlr
1395 4224 1467 4293 157)

336 4314 498 4367 observavit.
535 4313 632 4381 Itaque
652 4311 688 4366 ad
707 4311 835 4367 iudicium
855 4312 958 4364 Marxii
975 4309 1078 4381 (Wien.
1095 4309 1235 4364 Sita-Ber.
1256 4312 1333 4375 1999,
1352 4327 1378 4376 p.
1399 4311 1466 4382 20),

337 4403 458 4470 quamvis
478 4403 599 4457 rationes
618 4418 672 4456 non
692 4401 825 4467 attulerit,
845 4398 1028 4455 accedendum
1047 4416 1108 4454 esso
1128 4405 1202 4468 puto.
