3098 5204
898 464 941 528 50

540 636 629 709 δείξει
654 635 759 700 δὲκαὶ
783 637 843 700 σοί·
867 638 987 724 κλῇθρα
1009 636 1066 723 γὰρ
1089 641 1190 702 πυλῶν
1214 639 1286 703 τάδε

537 741 678 822 deciperet
689 762 695 776 ·
706 807 709 814 ,
722 742 823 826 θέαμα
847 744 991 828 δἐἰσόψει
1013 741 1093 829 τάχα

529 851 666 926 ¹rorodcos
691 845 751 910 οἷον
774 845 822 909 καὶ
848 853 995 929 oto-scusi*
1018 849 1192 914 ἐποικτίσαι.

444 948 536 1031 Quin
564 951 667 1016 etiam
688 951 742 1026 ¹bis
767 951 874 1021 eidem
898 951 1046 1018 fabulae.
1059 951 1239 1040 Sophocles
1264 951 1350 1020 hanc
1373 957 1470 1019 artem

357 1053 505 1136 adhibet,
522 1054 631 1143 quiin
647 1054 765 1150 Trach.
779 1056 887 1144 primo
904 1057 1059 1124 nuntium
1076 1057 1168 1142 (180)
1183 1058 1470 1144 praenuntiantem

358 1157 488 1226 inducit
510 1159 649 1226 Licham
673 1159 772 1248 (199),
803 1160 862 1248 qui
884 1183 961 1227 mox
983 1162 1028 1248 (v.
1052 1161 1129 1247 229)
1152 1185 1225 1230 cum
1249 1162 1382 1249 agmine
1404 1183 1471 1248 cap·

357 1264 507 1331 tivernm
541 1264 788 1332 mulierum·in
826 1288 978 1335 scaenam
1016 1266 1142 1349 veniet,
1182 1269 1299 1354 postea
1335 1269 1379 1352 (v.
1403 1266 1470 1350 734)

357 1367 502 1454 Hyllum
524 1369 609 1436 facit
631 1389 761 1455 agmen,
795 1370 884 1459 quod
914 1375 1046 1458 patrem
1079 1371 1228 1450 saucium
1257 1372 1471 1452 adducturum

358 1477 410 1538 est
434 1472 532 1558 (971),
556 1474 854 1562 praenuntiantem
876 1474 977 1560 (805).
1228 1545 1232 1552 ,

366 1599 376 1621 ¹
420 1667 422 1672 ,
445 1577 626 1664 Euripides
649 1601 732 1646 vero
755 1579 818 1646 hac
841 1583 917 1647 arte
934 1602 1103 1667 persaepe
1122 1603 1203 1648 usus
1222 1585 1284 1658 est,
1307 1580 1396 1669 quod
1417 1581 1471 1646 hac

235 1773 238 1780 .
317 1773 319 1777 ,
359 1681 478 1748 tabula
501 1681 713 1750 illustratur:
846 1733 863 1778 3

818 1985 824 1997 .
1043 1951 1048 1961 '
1120 1915 1155 1984 ¹¹
1294 1988 1326 2001 ··
1407 1916 1469 1981 'Vi'

422 2043 426 2050 ²
1292 2005 1301 2039 l

362 2101 1469 2263 ήῌ

337 2223 340 2229 -
400 2190 563 2262 Androm.
689 2179 697 2313 ζ(
743 2197 828 2262 1070
951 2198 1034 2264 1159
1102 2113 1105 2315 )
1166 2308 1169 2314 ¹
1244 2198 1368 2263 nee.

332 2353 334 2358 ’
399 2323 571 2392 Heraclid.
764 2326 828 2391 784
970 2328 1034 2394 883
1265 2327 1329 2392 998

402 2453 557 2542 Supplic'
764 2457 828 2522 650
971 2459 1034 2525 761
1264 2457 1329 2522 794

402 2585 476 2672 Iph.
501 2573 603 2653 Taur.
763 2587 828 2652 238
971 2591 1036 2654 334
1264 2588 1329 2653 416

401 2714 550 2807 Electra.
764 2719 826 2782 761
970 2719 1035 2784 866
1264 2717 1330 2784 886

367 2905 371 2913 .
400 2844 524 2911 Phoen.
700 2926 704 2932 .
742 2846 827 2912 1335
950 2851 1034 2915 1476
1244 2848 1329 2914 1480
1360 2835 1364 2842 ’

268 2956 269 2962 '
400 2975 521 3077 Bacch.
743 2947 884 3045 11111Ι
949 2980 1033 3069 1339
1151 2948 1153 2952 ’
1244 2978 1328 3044 nee

359 3255 518 3322 Omnibus
542 3257 594 3324 his
617 3257 699 3324 locis
722 3262 826 3346 poeta
848 3256 883 3322 id
907 3259 990 3344 agit,
1024 3262 1064 3324 nt
1086 3257 1386 3348 praenuntiatione
1407 3256 1471 3323 ani-

356 3384 427 3428 mos
451 3365 681 3448 spectatorum
703 3362 739 3429 in
760 3386 916 3451 pompam
931 3367 1123 3445 venturam,
1147 3386 1233 3450 quae
1256 3362 1359 3430 triste
1381 3383 1472 3448 prae·

356 3466 449 3533 bebit
474 3466 709 3553 spectaculum,
732 3466 899 3544 intendat.

445 3570 542 3637 Hanc
568 3571 711 3637 formam
732 3571 916 3638 Menander
938 3593 980 3638 ex
1003 3571 1181 3658 tragoedia
1211 3574 1386 3637 mutuatus
1409 3572 1471 3636 est:

356 3676 401 3742 In
424 3674 612 3742 Heautont.
645 3677 732 3743 enim
755 3700 786 3741 ν.
811 3677 875 3742 943
889 3700 932 3743 ss.
957 3675 1073 3764 Syrus,
1108 3676 1166 3763 qni
1189 3675 1301 3743 nuntii
1323 3675 1472 3764 partibus

357 3779 522 3866 fungitur,
555 3780 711 3865 mulieres
742 3781 972 3870 praenuntiat,
1005 3803 1091 3868 quae
1114 3807 1146 3849 v.
1172 3781 1235 3845 375
1258 3781 1294 3846 in
1326 3800 1472 3846 scaenam

356 3884 623 3971 progrediuntur
640 3884 731 3971 („sed
749 3886 932 3972 quamcito
950 3889 1029 3951 sunt
1047 3888 1246 3952 consecutae
1262 3881 1470 3968 mulieres“.).

443 3987 509 4054 Sed
533 3994 586 4055 est
610 3989 713 4056 etiam
736 3989 849 4056 altera
863 3990 981 4072 forma,
1008 4011 1093 4077 quae
1114 4011 1182 4056 non
1205 3989 1343 4055 derecta
1364 3992 1405 4055 ut
1428 3988 1472 4052 ita

358 4091 466 4158 dicam
489 4093 545 4158 via
569 4116 611 4159 ex
633 4094 812 4180 tragoedia
834 4093 869 4160 in
891 4117 1013 4160 novam
1031 4093 1243 4173 comoediam,
1269 4092 1328 4160 sed
1352 4115 1393 4160 ex
1409 4097 1470 4162 tra·

356 4197 478 4283 goedia
500 4197 535 4262 in
559 4198 762 4265 comoediam
786 4201 936 4266 veterem
958 4202 1097 4286 recepta
1120 4198 1197 4265 inde
1221 4200 1256 4263 in
1279 4219 1402 4263 novam
1424 4219 1469 4264 co-

355 4301 518 4368 moediam
547 4303 713 4389 pervenit.
759 4303 845 4370 Nam
869 4303 1118 4390 Aristophanes
1149 4302 1469 4390 praenuntiationem

305 4423 306 4428 ’
354 4429 423 4473 una
446 4429 519 4472 cnm
541 4407 670 4475 nuntiis
695 4407 837 4493 tragicis
860 4409 1013 4474 insnum
1036 4431 1132 4474 usum
1151 4409 1287 4475 vocavit
1313 4411 1348 4474 et
1370 4407 1420 4472 ita
1440 4407 1469 4470 111
