3098 5204
651 397 696 514 '5⁷

116 606 218 651 causa
241 607 283 652 ex
305 585 443 652 aedibus
461 585 530 654 suis
546 585 640 652 foras
664 585 774 653 euntis
797 609 865 652 non
887 586 1068 673 indicatur,
1093 590 1128 652 et
1150 587 1240 674 quod

115 689 210 755 nullo
229 687 302 756 loco
319 711 473 776 persona,
499 691 592 756 cuius
607 689 738 756 aditum
751 693 897 777 probare
913 694 1016 778 poeta
1032 691 1239 779 supersedet,

115 794 213 881 prior
237 793 272 859 in
295 815 449 862 scaenam
465 795 590 882 prodit.
637 795 759 863 Utrum
775 794 893 862 borum
910 796 1117 882 tragicorum
1134 796 1241 862 secuti

115 897 187 965 sint
209 898 333 974 comici,
368 920 532 986 quaerere
563 920 844 986 supervacaneum
877 903 944 966 est:
977 904 1133 988 constare
1155 904 1239 987 puto

115 1025 173 1069 eos
198 1007 276 1070 arte
298 1004 510 1089 tragicorum
532 1025 610 1070 usos
634 1026 716 1070 esse.

205 1251 235 1316 b.
260 1250 437 1337 Plerisque
452 1249 536 1316 loeis
552 1249 741 1336 Euripiden,
766 1272 826 1316 cur
844 1249 899 1316 dei
914 1250 972 1337 qui
988 1250 1146 1338 prologos
1163 1273 1239 1338 pro·

114 1355 278 1421 nuntiant
292 1337 335 1420 ¹in
359 1376 510 1421 scaenam
534 1354 711 1442 prodeant,
736 1354 874 1431 indicat.
921 1353 974 1420 of.
990 1354 1065 1421 Alc.
1083 1379 1113 1422 v.
1130 1355 1238 1437 amaa,

115 1458 240 1526 Troad.
264 1483 296 1524 u.
320 1460 424 1528 23125.
471 1459 622 1526 Bacchus
654 1459 793 1524 ineunte
815 1459 1024 1526 Baccharum
1055 1459 1172 1526 fabula
1204 1459 1241 1526 in

115 1585 270 1632 scaenam
293 1563 425 1630 venisse
448 1564 585 1631 videtur
608 1562 677 1629 dux
698 1564 917 1646 Baccharum,
948 1585 1030 1652 quas
1054 1588 1085 1631 v.
1110 1564 1237 1630 55-61

115 1673 198 1737 ante
220 1669 350 1755 regiam
373 1669 501 1735 saltare
523 1667 626 1734 iubet.
674 1667 741 1734 Sed
769 1668 805 1734 in
827 1669 940 1734 tribus
962 1667 1088 1735 fabulis
1111 1669 1239 1757 Hippo·

115 1776 204 1860 lyco,
237 1773 375 1840 Hecuba
385 1775 420 1858 ¹),
453 1773 536 1840 lone
559 1772 691 1860 prologi
721 1795 781 1838 cur
804 1773 973 1860 prodeant
994 1796 1061 1840 non
1084 1779 1238 1862 apparet.

116 1879 183 1960 Qui
208 1901 248 1945 ea
270 1877 466 1944 differentia
496 1881 573 1944 orta
603 1878 679 1944 est?
723 1877 765 1942 ln
788 1876 962 1943 Alcestide
993 1880 1028 1942 et
1049 1876 1239 1944 Troadibus

117 1985 172 2050 dei
195 1983 374 2071 prologum
406 1975 556 2049 dicentes
589 2005 663 2048 cum
693 1982 820 2048 scaenis
844 1980 1098 2069 insequentibus
1115 1982 1240 2049 conexi

117 2092 207 2171 sunt,
240 2089 276 2154 in
298 2087 438 2154 Bacchis
462 2087 614 2154 Bacchus
646 2109 719 2152 cum
749 2085 899 2152 adventu
928 2085 1021 2151 chori
1044 2086 1239 2153 coniunctus

117 2197 184 2275 cst,
205 2169 241 2259 in
263 2193 455 2280 Hippolyto
479 2198 593 2259 autem
616 2195 651 2258 et
674 2192 710 2257 in
724 2190 863 2258 Hecuba
886 2191 979 2257 etin
1002 2189 1083 2257 Ione
1105 2191 1240 2279 prologi

116 2323 192 2366 oum
214 2298 300 2364 nibil
324 2298 418 2364 aliud
438 2297 579 2392 faciant,
613 2296 680 2362 nisi
702 2299 742 2362 ut
765 2298 1002 2381 argumentum
1024 2294 1161 2362 fabulae
1183 2318 1238 2362 ex-

113 2408 255 2492 ponant,
290 2427 364 2470 cum
394 2403 513 2469 fabula
544 2402 637 2467 nullo
669 2399 767 2466 modo
800 2399 991 2467 cohaerent.
1040 2399 1239 2468 coniunctio

114 2509 224 2596 igitur
239 2499 375 2596 prologi
389 2512 425 2574 et
441 2528 638 2574 scaenarum
652 2491 982 2592 insequentium'quo
998 2505 1107 2590 magis
1121 2504 1239 2572 laxata

115 2618 178 2697 est,
199 2637 241 2703 ,eo
264 2615 372 2701 magis
394 2616 517 2701 poetae
540 2633 674 2678 causam
693 2609 839 2677 adeundi
853 2609 1005 2676 indicare
1021 2609 1239 2696 supersedere

114 2723 288 2807 poterant.
325 2720 376 2785 Eo
400 2719 616 2798 factumest,
640 2720 681 2782 ut
703 2714 828 2798 comici,
852 2714 911 2802 qui
926 2713 1064 2781 deorum
1079 2713 1239 2801 prologos

116 2847 158 2891 ex
183 2822 345 2911 Euripide
368 2826 593 2909 sumpserunt,
616 2844 685 2887 non
706 2821 773 2886 iam
797 2819 927 2886 aditum
948 2820 1141 2905 probarent.

203 2947 322 3033 Neque
353 2946 440 3014 enim
469 2945 504 3010 in
526 2941 702 3010 Menandri
725 2941 842 3008 Aulul.
865 2965 896 3008 v.
924 2943 941 3006 1
971 2939 1040 3006 Lar
1061 2940 1239 3010 familiaris

115 3074 177 3118 cur
191 3051 355 3138 procedat
370 3050 507 3116 indicat.
543 3048 719 3113 Auxilium
735 3069 867 3134 quoquc
891 3045 1036 3127 (Cistell.
1055 3046 1131 3131 149)
1153 3046 1239 3112 nihil

115 3156 211 3223 aliud
225 3156 291 3222 sibi
307 3154 494 3243 proposuit,
511 3152 575 3219 nisi
591 3155 632 3217 ut
646 3152 826 3239 prologum
842 3150 972 3216 diceret
988 3148 1088 3235 (153).
1121 3150 1238 3238 Neque

115 3262 211 3328 Paua
244 3262 280 3327 in
313 3259 480 3346 Dyscolo,
515 3279 615 3347 quam
647 3255 798 3323 fabulam
833 3254 1004 3341 exemplar
1037 3253 1238 3322 Aululariae

114 3367 222 3434 fuisse
245 3367 450 3434 Geffckenus
483 3365 657 3452 opinatur,
694 3361 799 3428 ullam
831 3381 964 3428 causam
994 3359 1163 3426 addidisse
1186 3362 1237 3427 his

114 3473 227 3540 verbis
249 3475 332 3559 puto
356 3471 491 3557 (fragm.
515 3468 666 3549 127K.):

271 3603 324 3678 τῆς
349 3592 486 3677 Ἀττικῆς
509 3591 636 3675 νομίζετ’
660 3589 734 3655 εἶναι
757 3589 806 3653 τὸν
830 3591 917 3652 τόπον

174 3695 176 3699 ’
273 3701 387 3782 Φυλήν,
411 3696 444 3761 τὸ
469 3696 628 3782 Νυμφαῖον
653 3698 677 3758 δ’
701 3697 770 3758 ὅθεν
793 3694 979 3780 προέρχομαι

274 3804 445 3867 (Delicatum.

203 3927 320 4015 Neque
336 3925 464 4006 dubito,
489 3924 568 4012 quin
584 3921 805 4009 ignorantiae
819 3920 855 3985 in
871 3920 1107 3988 oneumtonsa
1121 3917 1235 4022 aditps

114 4036 152 4101 et
175 4029 321 4114 Ἐλέγχου
346 4029 457 4114 (Koch
479 4028 525 4094 fr.
549 4027 626 4112 545)
649 4031 684 4093 et
698 4017 827 4111 Ἥρωος
850 4045 950 4091 causa
973 4024 1132 4090 caruerit.

114 4209 178 4216 ..-
193 4207 321 4213 ———.

207 4322 232 4390 1)
253 4321 293 4374 Cf.
313 4320 378 4387 Leo,
399 4319 536 4388 Monolog.
556 4336 582 4386 p.
602 4322 636 4372 23
656 4316 749 4372 adnot.
769 4320 793 4370 2.
