<?xml version="1.0" encoding="UTF-8"?>
<!DOCTYPE html PUBLIC "-//W3C//DTD XHTML 1.0 Transitional//EN"
    "http://www.w3.org/TR/xhtml1/DTD/xhtml1-transitional.dtd">
<html xmlns="http://www.w3.org/1999/xhtml" xml:lang="en" lang="en">
 <head>
  <title>
</title>
<meta http-equiv="Content-Type" content="text/html;charset=utf-8" />
  <meta name='ocr-system' content='tesseract 3.04.00' />
  <meta name='ocr-capabilities' content='ocr_page ocr_carea ocr_par ocr_line ocrx_word'/>
</head>
<body>
  <div class='ocr_page' id='page_1' title='image "./deintroituperso00harmgoog_0073.png"; bbox 0 0 3098 5204; ppageno 0'>
   <div class='ocr_carea' id='block_1_1' title="bbox 877 387 918 452">
    <p class='ocr_par' dir='ltr' id='par_1_1' title="bbox 877 387 918 452">
     <span class='ocr_line' id='line_1_1' title="bbox 877 387 918 452; baseline -0.024 0"><span class='ocrx_word' id='word_1_1' title='bbox 877 387 918 452; x_wconf 95' lang='grc'><strong>62</strong></span> 
     </span>
    </p>
   </div>
   <div class='ocr_carea' id='block_1_2' title="bbox 283 559 1526 1992">
    <p class='ocr_par' dir='ltr' id='par_1_2' title="bbox 335 559 1524 1172">
     <span class='ocr_line' id='line_1_2' title="bbox 424 559 1456 648; baseline -0.004 -20"><span class='ocrx_word' id='word_1_2' title='bbox 424 561 608 628; x_wconf 88' lang='lat' dir='ltr'><strong>Addendus</strong></span> <span class='ocrx_word' id='word_1_3' title='bbox 625 566 678 629; x_wconf 89' lang='lat' dir='ltr'><strong>est</strong></span> <span class='ocrx_word' id='word_1_4' title='bbox 693 561 784 629; x_wconf 87' lang='lat' dir='ltr'><strong>locus</strong></span> <span class='ocrx_word' id='word_1_5' title='bbox 796 559 918 628; x_wconf 86' lang='lat' dir='ltr'><strong>Militis</strong></span> <span class='ocrx_word' id='word_1_6' title='bbox 931 561 1004 642; x_wconf 84' lang='grc'><strong>272,</strong></span> <span class='ocrx_word' id='word_1_7' title='bbox 1022 584 1087 648; x_wconf 90' lang='lat' dir='ltr'><strong>quo</strong></span> <span class='ocrx_word' id='word_1_8' title='bbox 1100 559 1277 630; x_wconf 87' lang='lat' dir='ltr'><strong>Sceledrus</strong></span> <span class='ocrx_word' id='word_1_9' title='bbox 1290 581 1456 648; x_wconf 87' lang='lat' dir='ltr'><strong>egressus,</strong></span> 
     </span>
     <span class='ocr_line' id='line_1_3' title="bbox 335 665 1458 754; baseline 0 -22"><span class='ocrx_word' id='word_1_10' title='bbox 335 669 514 754; x_wconf 79' lang='lat' dir='ltr'><strong>postquam</strong></span> <span class='ocrx_word' id='word_1_11' title='bbox 544 688 580 733; x_wconf 95' lang='lat' dir='ltr'><strong>se</strong></span> <span class='ocrx_word' id='word_1_12' title='bbox 603 666 702 734; x_wconf 88' lang='lat' dir='ltr'><strong>valde</strong></span> <span class='ocrx_word' id='word_1_13' title='bbox 725 667 841 734; x_wconf 87' lang='lat' dir='ltr'><strong>mirari</strong></span> <span class='ocrx_word' id='word_1_14' title='bbox 862 666 966 746; x_wconf 85' lang='lat' dir='ltr'><strong>dixit,</strong></span> <span class='ocrx_word' id='word_1_15' title='bbox 999 665 1089 753; x_wconf 92' lang='lat' dir='ltr'><strong>quod</strong></span> <span class='ocrx_word' id='word_1_16' title='bbox 1111 665 1392 733; x_wconf 85' lang='lat' dir='ltr'><strong>Philocomasium</strong></span> <span class='ocrx_word' id='word_1_17' title='bbox 1424 667 1458 732; x_wconf 88' lang='lat' dir='ltr'><strong>iu</strong></span> 
     </span>
     <span class='ocr_line' id='line_1_4' title="bbox 335 767 1524 858; baseline -0.001 -22"><span class='ocrx_word' id='word_1_18' title='bbox 335 770 432 838; x_wconf 91' lang='lat' dir='ltr'><strong>domo</strong></span> <span class='ocrx_word' id='word_1_19' title='bbox 463 770 566 838; x_wconf 89' lang='lat' dir='ltr'><strong>vicini</strong></span> <span class='ocrx_word' id='word_1_20' title='bbox 597 767 880 858; x_wconf 71' lang='lat' dir='ltr'>Periplectomeni</span> <span class='ocrx_word' id='word_1_21' title='bbox 911 770 1068 849; x_wconf 86' lang='lat' dir='ltr'><strong>vidisset,</strong></span> <span class='ocrx_word' id='word_1_22' title='bbox 1106 771 1140 835; x_wconf 91' lang='lat' dir='ltr'><strong>in</strong></span> <span class='ocrx_word' id='word_1_23' title='bbox 1175 791 1296 838; x_wconf 82' lang='lat' dir='ltr'>scaena</span> <span class='ocrx_word' id='word_1_24' title='bbox 1327 770 1457 838; x_wconf 87' lang='lat' dir='ltr'><strong>demum</strong></span> <span class='ocrx_word' id='word_1_25' title='bbox 1523 837 1524 850; x_wconf 54' lang='lat'><strong>,</strong></span> 
     </span>
     <span class='ocr_line' id='line_1_5' title="bbox 337 873 1458 964; baseline 0 -24"><span class='ocrx_word' id='word_1_26' title='bbox 337 875 461 942; x_wconf 88' lang='lat' dir='ltr'><strong>ostium</strong></span> <span class='ocrx_word' id='word_1_27' title='bbox 484 889 622 943; x_wconf 86' lang='lat' dir='ltr'><strong>servare</strong></span> <span class='ocrx_word' id='word_1_28' title='bbox 637 876 783 944; x_wconf 88' lang='lat' dir='ltr'><strong>animum</strong></span> <span class='ocrx_word' id='word_1_29' title='bbox 806 875 945 942; x_wconf 87' lang='lat' dir='ltr'><strong>inducit.</strong></span> <span class='ocrx_word' id='word_1_30' title='bbox 991 873 1107 958; x_wconf 89' lang='lat' dir='ltr'><strong>Poeta,</strong></span> <span class='ocrx_word' id='word_1_31' title='bbox 1129 876 1187 964; x_wconf 89' lang='lat' dir='ltr'><strong>qui</strong></span> <span class='ocrx_word' id='word_1_32' title='bbox 1201 875 1287 941; x_wconf 90' lang='lat' dir='ltr'><strong>hanc</strong></span> <span class='ocrx_word' id='word_1_33' title='bbox 1305 897 1458 943; x_wconf 83' lang='lat' dir='ltr'><strong>scaenam</strong></span> 
     </span>
     <span class='ocr_line' id='line_1_6' title="bbox 336 975 1458 1068; baseline 0 -23"><span class='ocrx_word' id='word_1_34' title='bbox 336 977 531 1066; x_wconf 70' lang='lat' dir='ltr'>composuit,</span> <span class='ocrx_word' id='word_1_35' title='bbox 573 981 712 1068; x_wconf 86' lang='lat' dir='ltr'><strong>egregie</strong></span> <span class='ocrx_word' id='word_1_36' title='bbox 746 981 835 1048; x_wconf 88' lang='lat' dir='ltr'><strong>servi</strong></span> <span class='ocrx_word' id='word_1_37' title='bbox 870 979 1054 1048; x_wconf 83' lang='lat' dir='ltr'><strong>stultitiam</strong></span> <span class='ocrx_word' id='word_1_38' title='bbox 1069 975 1074 984; x_wconf 80' lang='grc'>’</span> <span class='ocrx_word' id='word_1_39' title='bbox 1089 1001 1223 1067; x_wconf 87' lang='lat' dir='ltr'><strong>segnem</strong></span> <span class='ocrx_word' id='word_1_40' title='bbox 1256 980 1458 1067; x_wconf 76' lang='lat' dir='ltr'><strong>tardamque</strong></span> 
     </span>
     <span class='ocr_line' id='line_1_7' title="bbox 337 1083 702 1172; baseline 0.005 -22"><span class='ocrx_word' id='word_1_41' title='bbox 337 1083 472 1172; x_wconf 84' lang='lat' dir='ltr'><strong>effingit</strong></span> <span class='ocrx_word' id='word_1_42' title='bbox 496 1106 536 1152; x_wconf 91' lang='lat' dir='ltr'><strong>ea</strong></span> <span class='ocrx_word' id='word_1_43' title='bbox 558 1085 702 1153; x_wconf 89' lang='lat' dir='ltr'><strong>ratione.</strong></span> 
     </span>
    </p>

    <p class='ocr_par' dir='ltr' id='par_1_3' title="bbox 336 1187 1457 1589">
     <span class='ocr_line' id='line_1_8' title="bbox 422 1187 1457 1278; baseline -0.004 -23"><span class='ocrx_word' id='word_1_44' title='bbox 422 1188 575 1256; x_wconf 82' lang='lat' dir='ltr'><strong>Eandem</strong></span> <span class='ocrx_word' id='word_1_45' title='bbox 596 1189 788 1271; x_wconf 86' lang='lat' dir='ltr'><strong>Menander,</strong></span> <span class='ocrx_word' id='word_1_46' title='bbox 824 1210 898 1278; x_wconf 90' lang='lat' dir='ltr'><strong>cum</strong></span> <span class='ocrx_word' id='word_1_47' title='bbox 926 1189 1009 1255; x_wconf 88' lang='lat' dir='ltr'><strong>duas</strong></span> <span class='ocrx_word' id='word_1_48' title='bbox 1041 1209 1204 1276; x_wconf 87' lang='lat' dir='ltr'><strong>personas</strong></span> <span class='ocrx_word' id='word_1_49' title='bbox 1236 1187 1272 1254; x_wconf 92' lang='lat' dir='ltr'><strong>in</strong></span> <span class='ocrx_word' id='word_1_50' title='bbox 1304 1208 1457 1254; x_wconf 84' lang='lat' dir='ltr'><strong>scaenam</strong></span> 
     </span>
     <span class='ocr_line' id='line_1_9' title="bbox 336 1291 1456 1381; baseline -0.003 -22"><span class='ocrx_word' id='word_1_51' title='bbox 336 1293 566 1380; x_wconf 78' lang='lat' dir='ltr'><strong>ingredientes</strong></span> <span class='ocrx_word' id='word_1_52' title='bbox 588 1293 681 1375; x_wconf 84' lang='lat' dir='ltr'><strong>facit,</strong></span> <span class='ocrx_word' id='word_1_53' title='bbox 706 1317 779 1361; x_wconf 92' lang='lat' dir='ltr'><strong>cum</strong></span> <span class='ocrx_word' id='word_1_54' title='bbox 795 1293 1003 1381; x_wconf 81' lang='lat' dir='ltr'><strong>repetitione</strong></span> <span class='ocrx_word' id='word_1_55' title='bbox 1015 1291 1174 1381; x_wconf 80' lang='lat' dir='ltr'>colloquii</span> <span class='ocrx_word' id='word_1_56' title='bbox 1189 1296 1289 1359; x_wconf 85' lang='lat' dir='ltr'><strong>extra</strong></span> <span class='ocrx_word' id='word_1_57' title='bbox 1304 1312 1456 1359; x_wconf 85' lang='lat' dir='ltr'><strong>scaenam</strong></span> 
     </span>
     <span class='ocr_line' id='line_1_10' title="bbox 336 1396 1456 1486; baseline -0.003 -23"><span class='ocrx_word' id='word_1_58' title='bbox 336 1399 463 1485; x_wconf 83' lang='lat' dir='ltr'><strong>incepti</strong></span> <span class='ocrx_word' id='word_1_59' title='bbox 485 1397 537 1464; x_wconf 90' lang='lat' dir='ltr'><strong>ita</strong></span> <span class='ocrx_word' id='word_1_60' title='bbox 560 1398 742 1482; x_wconf 86' lang='lat' dir='ltr'><strong>coniungit,</strong></span> <span class='ocrx_word' id='word_1_61' title='bbox 779 1402 818 1464; x_wconf 92' lang='lat' dir='ltr'><strong>ut</strong></span> <span class='ocrx_word' id='word_1_62' title='bbox 840 1418 1002 1486; x_wconf 89' lang='lat' dir='ltr'><strong>personae</strong></span> <span class='ocrx_word' id='word_1_63' title='bbox 1024 1397 1060 1464; x_wconf 93' lang='lat' dir='ltr'><strong>in</strong></span> <span class='ocrx_word' id='word_1_64' title='bbox 1083 1417 1203 1464; x_wconf 86' lang='lat' dir='ltr'><strong>scaena</strong></span> <span class='ocrx_word' id='word_1_65' title='bbox 1225 1396 1357 1462; x_wconf 91' lang='lat' dir='ltr'><strong>demum</strong></span> <span class='ocrx_word' id='word_1_66' title='bbox 1378 1403 1456 1482; x_wconf 89' lang='lat' dir='ltr'><strong>post</strong></span> 
     </span>
     <span class='ocr_line' id='line_1_11' title="bbox 337 1499 1456 1589; baseline -0.004 -21"><span class='ocrx_word' id='word_1_67' title='bbox 337 1502 575 1589; x_wconf 88' lang='lat' dir='ltr'><strong>repetitionem</strong></span> <span class='ocrx_word' id='word_1_68' title='bbox 597 1502 632 1568; x_wconf 93' lang='lat' dir='ltr'><strong>id</strong></span> <span class='ocrx_word' id='word_1_69' title='bbox 656 1502 837 1570; x_wconf 86' lang='lat' dir='ltr'><strong>decernere</strong></span> <span class='ocrx_word' id='word_1_70' title='bbox 860 1502 1053 1582; x_wconf 87' lang='lat' dir='ltr'><strong>videantur,</strong></span> <span class='ocrx_word' id='word_1_71' title='bbox 1085 1523 1151 1588; x_wconf 92' lang='lat' dir='ltr'><strong>quo</strong></span> <span class='ocrx_word' id='word_1_72' title='bbox 1182 1523 1219 1568; x_wconf 91' lang='lat' dir='ltr'><strong>re</strong></span> <span class='ocrx_word' id='word_1_73' title='bbox 1251 1521 1333 1568; x_wconf 86' lang='lat' dir='ltr'><strong>vera</strong></span> <span class='ocrx_word' id='word_1_74' title='bbox 1354 1499 1456 1566; x_wconf 87' lang='lat' dir='ltr'><strong>addu-</strong></span> 
     </span>
    </p>

    <p class='ocr_par' dir='ltr' id='par_1_4' title="bbox 283 1605 1526 1992">
     <span class='ocr_line' id='line_1_12' title="bbox 283 1605 1526 1695; baseline -0.005 -17"><span class='ocrx_word' id='word_1_75' title='bbox 283 1671 287 1678; x_wconf 90' lang='lat'>.</span> <span class='ocrx_word' id='word_1_76' title='bbox 337 1611 470 1688; x_wconf 89' lang='lat' dir='ltr'><strong>cuntur,</strong></span> <span class='ocrx_word' id='word_1_77' title='bbox 506 1612 546 1674; x_wconf 89' lang='lat' dir='ltr'><strong>ut</strong></span> <span class='ocrx_word' id='word_1_78' title='bbox 577 1608 752 1695; x_wconf 87' lang='lat' dir='ltr'><strong>prodeant.</strong></span> <span class='ocrx_word' id='word_1_79' title='bbox 799 1606 896 1689; x_wconf 75' lang='lat' dir='ltr'><strong>Quod</strong></span> <span class='ocrx_word' id='word_1_80' title='bbox 925 1605 1082 1673; x_wconf 87' lang='lat' dir='ltr'><strong>discimus</strong></span> <span class='ocrx_word' id='word_1_81' title='bbox 1113 1629 1155 1672; x_wconf 85' lang='lat' dir='ltr'><strong>ex</strong></span> <span class='ocrx_word' id='word_1_82' title='bbox 1184 1606 1257 1674; x_wconf 88' lang='lat' dir='ltr'><strong>loco</strong></span> <span class='ocrx_word' id='word_1_83' title='bbox 1286 1605 1354 1672; x_wconf 86' lang='lat' dir='ltr'><strong>Ad.</strong></span> <span class='ocrx_word' id='word_1_84' title='bbox 1376 1605 1456 1670; x_wconf 80' lang='lat'><strong>592:</strong></span> <span class='ocrx_word' id='word_1_85' title='bbox 1525 1611 1526 1672; x_wconf 80' lang='lat' dir='ltr'><strong>l</strong></span> 
     </span>
     <span class='ocr_line' id='line_1_13' title="bbox 337 1711 1456 1802; baseline -0.004 -23"><span class='ocrx_word' id='word_1_86' title='bbox 337 1713 436 1780; x_wconf 88' lang='lat' dir='ltr'><strong>Micio</strong></span> <span class='ocrx_word' id='word_1_87' title='bbox 461 1716 496 1779; x_wconf 88' lang='lat' dir='ltr'><strong>et</strong></span> <span class='ocrx_word' id='word_1_88' title='bbox 519 1711 628 1799; x_wconf 84' lang='lat' dir='ltr'><strong>Hegio</strong></span> <span class='ocrx_word' id='word_1_89' title='bbox 659 1713 838 1802; x_wconf 86' lang='lat' dir='ltr'><strong>postquam</strong></span> <span class='ocrx_word' id='word_1_90' title='bbox 860 1716 960 1779; x_wconf 86' lang='lat' dir='ltr'><strong>extra</strong></span> <span class='ocrx_word' id='word_1_91' title='bbox 987 1730 1140 1778; x_wconf 90' lang='lat' dir='ltr'><strong>scaenam</strong></span> <span class='ocrx_word' id='word_1_92' title='bbox 1170 1714 1400 1778; x_wconf 85' lang='lat' dir='ltr'><strong>convenerunt</strong></span> <span class='ocrx_word' id='word_1_93' title='bbox 1422 1713 1456 1775; x_wconf 89' lang='lat' dir='ltr'><strong>et</strong></span> 
     </span>
     <span class='ocr_line' id='line_1_14' title="bbox 337 1815 1457 1905; baseline -0.004 -21"><span class='ocrx_word' id='word_1_94' title='bbox 337 1819 437 1885; x_wconf 90' lang='lat' dir='ltr'><strong>Micio</strong></span> <span class='ocrx_word' id='word_1_95' title='bbox 454 1819 599 1905; x_wconf 86' lang='lat' dir='ltr'><strong>Hegioni</strong></span> <span class='ocrx_word' id='word_1_96' title='bbox 621 1840 692 1885; x_wconf 90' lang='lat' dir='ltr'><strong>rem</strong></span> <span class='ocrx_word' id='word_1_97' title='bbox 708 1821 818 1884; x_wconf 92' lang='lat' dir='ltr'><strong>totam</strong></span> <span class='ocrx_word' id='word_1_98' title='bbox 835 1817 1001 1904; x_wconf 86' lang='lat' dir='ltr'><strong>exposuit,</strong></span> <span class='ocrx_word' id='word_1_99' title='bbox 1025 1838 1113 1883; x_wconf 89' lang='lat' dir='ltr'><strong>nunc</strong></span> <span class='ocrx_word' id='word_1_100' title='bbox 1136 1815 1267 1882; x_wconf 89' lang='lat' dir='ltr'><strong>demum</strong></span> <span class='ocrx_word' id='word_1_101' title='bbox 1282 1817 1318 1881; x_wconf 92' lang='lat' dir='ltr'><strong>in</strong></span> <span class='ocrx_word' id='word_1_102' title='bbox 1338 1835 1457 1882; x_wconf 88' lang='lat' dir='ltr'><strong>scaena</strong></span> 
     </span>
     <span class='ocr_line' id='line_1_15' title="bbox 339 1919 1004 1992; baseline -0.005 -3"><span class='ocrx_word' id='word_1_103' title='bbox 339 1923 552 1992; x_wconf 85' lang='lat' dir='ltr'><strong>constituunt</strong></span> <span class='ocrx_word' id='word_1_104' title='bbox 574 1945 641 1990; x_wconf 91' lang='lat' dir='ltr'><strong>una</strong></span> <span class='ocrx_word' id='word_1_105' title='bbox 663 1919 709 1990; x_wconf 87' lang='lat' dir='ltr'><strong>ad</strong></span> <span class='ocrx_word' id='word_1_106' title='bbox 729 1921 922 1990; x_wconf 88' lang='lat' dir='ltr'><strong>Sostratam</strong></span> <span class='ocrx_word' id='word_1_107' title='bbox 944 1923 1004 1988; x_wconf 83' lang='lat' dir='ltr'><strong>ire.</strong></span> 
     </span>
    </p>
   </div>
   <div class='ocr_carea' id='block_1_3' title="bbox 338 2017 1528 2638">
    <p class='ocr_par' dir='ltr' id='par_1_5' title="bbox 338 2017 1528 2638">
     <span class='ocr_line' id='line_1_16' title="bbox 424 2017 1527 2115; baseline -0.004 -23"><span class='ocrx_word' id='word_1_108' title='bbox 424 2025 616 2112; x_wconf 85' lang='lat' dir='ltr'><strong>Identidem</strong></span> <span class='ocrx_word' id='word_1_109' title='bbox 639 2028 752 2094; x_wconf 83' lang='lat' dir='ltr'><strong>altera</strong></span> <span class='ocrx_word' id='word_1_110' title='bbox 772 2048 918 2115; x_wconf 89' lang='lat' dir='ltr'><strong>persona</strong></span> <span class='ocrx_word' id='word_1_111' title='bbox 940 2026 1066 2093; x_wconf 88' lang='lat' dir='ltr'><strong>idcirco</strong></span> <span class='ocrx_word' id='word_1_112' title='bbox 1090 2030 1223 2094; x_wconf 86' lang='lat' dir='ltr'><strong>tautum</strong></span> <span class='ocrx_word' id='word_1_113' title='bbox 1246 2026 1281 2092; x_wconf 91' lang='lat' dir='ltr'><strong>in</strong></span> <span class='ocrx_word' id='word_1_114' title='bbox 1305 2047 1466 2093; x_wconf 89' lang='lat' dir='ltr'><strong>scaenam·</strong></span> <span class='ocrx_word' id='word_1_115' title='bbox 1526 2017 1527 2056; x_wconf 73' lang='lat'>³</span> 
     </span>
     <span class='ocr_line' id='line_1_17' title="bbox 338 2130 1455 2220; baseline -0.002 -23"><span class='ocrx_word' id='word_1_116' title='bbox 338 2131 517 2214; x_wconf 82' lang='lat' dir='ltr'><strong>inducitur,</strong></span> <span class='ocrx_word' id='word_1_117' title='bbox 542 2137 582 2200; x_wconf 93' lang='lat' dir='ltr'><strong>ut</strong></span> <span class='ocrx_word' id='word_1_118' title='bbox 603 2133 639 2199; x_wconf 91' lang='lat' dir='ltr'><strong>id</strong></span> <span class='ocrx_word' id='word_1_119' title='bbox 662 2132 865 2220; x_wconf 89' lang='lat' dir='ltr'><strong>colloquium</strong></span> <span class='ocrx_word' id='word_1_120' title='bbox 887 2131 1002 2219; x_wconf 90' lang='lat' dir='ltr'><strong>paucis</strong></span> <span class='ocrx_word' id='word_1_121' title='bbox 1026 2134 1216 2218; x_wconf 86' lang='lat' dir='ltr'><strong>repetatur,</strong></span> <span class='ocrx_word' id='word_1_122' title='bbox 1248 2153 1311 2218; x_wconf 91' lang='lat' dir='ltr'><strong>quo</strong></span> <span class='ocrx_word' id='word_1_123' title='bbox 1335 2130 1385 2212; x_wconf 80' lang='lat' dir='ltr'><strong>fia,</strong></span> <span class='ocrx_word' id='word_1_124' title='bbox 1417 2131 1455 2194; x_wconf 89' lang='lat' dir='ltr'><strong>ut</strong></span> 
     </span>
     <span class='ocr_line' id='line_1_18' title="bbox 338 2233 1454 2324; baseline -0.004 -20"><span class='ocrx_word' id='word_1_125' title='bbox 338 2237 453 2304; x_wconf 83' lang='lat' dir='ltr'><strong>altera</strong></span> <span class='ocrx_word' id='word_1_126' title='bbox 473 2238 507 2302; x_wconf 91' lang='lat' dir='ltr'><strong>in</strong></span> <span class='ocrx_word' id='word_1_127' title='bbox 530 2257 683 2304; x_wconf 88' lang='lat' dir='ltr'><strong>scaenam</strong></span> <span class='ocrx_word' id='word_1_128' title='bbox 705 2236 867 2322; x_wconf 79' lang='lat' dir='ltr'><strong>prodeat3</strong></span> <span class='ocrx_word' id='word_1_129' title='bbox 903 2233 983 2322; x_wconf 83' lang='lat' dir='ltr'><strong>ergo</strong></span> <span class='ocrx_word' id='word_1_130' title='bbox 1015 2236 1043 2302; x_wconf 92' lang='lat' dir='ltr'><strong>si</strong></span> <span class='ocrx_word' id='word_1_131' title='bbox 1074 2258 1144 2302; x_wconf 91' lang='lat' dir='ltr'><strong>rem</strong></span> <span class='ocrx_word' id='word_1_132' title='bbox 1172 2257 1289 2301; x_wconf 88' lang='lat' dir='ltr'><strong>veram</strong></span> <span class='ocrx_word' id='word_1_133' title='bbox 1313 2239 1454 2324; x_wconf 87' lang='lat' dir='ltr'><strong>spectas,</strong></span> 
     </span>
     <span class='ocr_line' id='line_1_19' title="bbox 339 2339 1528 2429; baseline -0.002 -22"><span class='ocrx_word' id='word_1_134' title='bbox 339 2339 484 2407; x_wconf 89' lang='lat' dir='ltr'><strong>alterius</strong></span> <span class='ocrx_word' id='word_1_135' title='bbox 498 2341 611 2408; x_wconf 91' lang='lat' dir='ltr'><strong>aditus</strong></span> <span class='ocrx_word' id='word_1_136' title='bbox 628 2343 801 2428; x_wconf 87' lang='lat' dir='ltr'><strong>probatur,</strong></span> <span class='ocrx_word' id='word_1_137' title='bbox 826 2341 967 2408; x_wconf 89' lang='lat' dir='ltr'><strong>alterius</strong></span> <span class='ocrx_word' id='word_1_138' title='bbox 990 2363 1058 2406; x_wconf 91' lang='lat' dir='ltr'><strong>nou</strong></span> <span class='ocrx_word' id='word_1_139' title='bbox 1081 2343 1263 2429; x_wconf 87' lang='lat' dir='ltr'><strong>probatur:</strong></span> <span class='ocrx_word' id='word_1_140' title='bbox 1287 2339 1330 2406; x_wconf 89' lang='lat' dir='ltr'><strong>In</strong></span> <span class='ocrx_word' id='word_1_141' title='bbox 1344 2339 1453 2406; x_wconf 89' lang='lat' dir='ltr'><strong>Heau-</strong></span> <span class='ocrx_word' id='word_1_142' title='bbox 1527 2357 1528 2428; x_wconf 64' lang='lat' dir='ltr'><strong>l</strong></span> 
     </span>
     <span class='ocr_line' id='line_1_20' title="bbox 339 2445 1454 2534; baseline -0.003 -24"><span class='ocrx_word' id='word_1_143' title='bbox 339 2448 427 2511; x_wconf 88' lang='lat' dir='ltr'><strong>tont.</strong></span> <span class='ocrx_word' id='word_1_144' title='bbox 451 2469 483 2510; x_wconf 87' lang='lat' dir='ltr'><strong>v.</strong></span> <span class='ocrx_word' id='word_1_145' title='bbox 507 2447 572 2512; x_wconf 89' lang='grc'><strong>614</strong></span> <span class='ocrx_word' id='word_1_146' title='bbox 594 2445 754 2514; x_wconf 84' lang='lat' dir='ltr'><strong>Sostrata</strong></span> <span class='ocrx_word' id='word_1_147' title='bbox 778 2450 813 2513; x_wconf 91' lang='lat' dir='ltr'><strong>et</strong></span> <span class='ocrx_word' id='word_1_148' title='bbox 835 2446 953 2512; x_wconf 83' lang='lat' dir='ltr'><strong>nutrix</strong></span> <span class='ocrx_word' id='word_1_149' title='bbox 982 2445 1205 2530; x_wconf 84' lang='lat' dir='ltr'><strong>egrediuntur</strong></span> <span class='ocrx_word' id='word_1_150' title='bbox 1228 2445 1454 2534; x_wconf 89' lang='lat' dir='ltr'><strong>colloquentes</strong></span> 
     </span>
     <span class='ocr_line' id='line_1_21' title="bbox 340 2545 1454 2638; baseline -0.002 -23"><span class='ocrx_word' id='word_1_151' title='bbox 340 2571 382 2616; x_wconf 85' lang='lat' dir='ltr'><strong>ex</strong></span> <span class='ocrx_word' id='word_1_152' title='bbox 398 2549 535 2617; x_wconf 89' lang='lat' dir='ltr'><strong>aedibus</strong></span> <span class='ocrx_word' id='word_1_153' title='bbox 553 2545 750 2618; x_wconf 79' lang='lat' dir='ltr'><strong>Chremetis.</strong></span> <span class='ocrx_word' id='word_1_154' title='bbox 797 2551 911 2616; x_wconf 87' lang='lat' dir='ltr'><strong>Anulo</strong></span> <span class='ocrx_word' id='word_1_155' title='bbox 928 2551 1016 2616; x_wconf 89' lang='lat' dir='ltr'><strong>enim</strong></span> <span class='ocrx_word' id='word_1_156' title='bbox 1026 2550 1167 2638; x_wconf 85' lang='lat' dir='ltr'><strong>cognito</strong></span> <span class='ocrx_word' id='word_1_157' title='bbox 1185 2549 1344 2618; x_wconf 87' lang='lat' dir='ltr'><strong>Sostrata</strong></span> <span class='ocrx_word' id='word_1_158' title='bbox 1363 2551 1454 2616; x_wconf 93' lang='lat' dir='ltr'><strong>domo</strong></span> 
     </span>
    </p>
   </div>
   <div class='ocr_carea' id='block_1_4' title="bbox 221 2655 1467 4317">
    <p class='ocr_par' dir='ltr' id='par_1_6' title="bbox 221 2655 1529 4317">
     <span class='ocr_line' id='line_1_22' title="bbox 342 2655 1455 2743; baseline -0.002 -23"><span class='ocrx_word' id='word_1_159' title='bbox 342 2655 457 2723; x_wconf 86' lang='lat' dir='ltr'><strong>exsilit</strong></span> <span class='ocrx_word' id='word_1_160' title='bbox 479 2655 579 2741; x_wconf 80' lang='grc'>(657),</span> <span class='ocrx_word' id='word_1_161' title='bbox 602 2660 641 2722; x_wconf 89' lang='lat' dir='ltr'><strong>ut</strong></span> <span class='ocrx_word' id='word_1_162' title='bbox 664 2655 775 2721; x_wconf 88' lang='lat' dir='ltr'><strong>virum</strong></span> <span class='ocrx_word' id='word_1_163' title='bbox 792 2655 995 2743; x_wconf 70' lang='lat' dir='ltr'><strong>opperiatur¹</strong></span> <span class='ocrx_word' id='word_1_164' title='bbox 1010 2655 1099 2741; x_wconf 91' lang='grc'>(619)</span> <span class='ocrx_word' id='word_1_165' title='bbox 1123 2656 1212 2721; x_wconf 90' lang='lat' dir='ltr'><strong>etei</strong></span> <span class='ocrx_word' id='word_1_166' title='bbox 1235 2677 1306 2722; x_wconf 86' lang='lat' dir='ltr'><strong>rem</strong></span> <span class='ocrx_word' id='word_1_167' title='bbox 1328 2655 1455 2720; x_wconf 88' lang='lat' dir='ltr'><strong>narret.</strong></span> 
     </span>
     <span class='ocr_line' id='line_1_23' title="bbox 341 2759 1456 2846; baseline -0.004 -21"><span class='ocrx_word' id='word_1_168' title='bbox 341 2760 472 2826; x_wconf 84' lang='lat' dir='ltr'><strong>Nutrix</strong></span> <span class='ocrx_word' id='word_1_169' title='bbox 505 2764 617 2828; x_wconf 89' lang='lat' dir='ltr'><strong>autem</strong></span> <span class='ocrx_word' id='word_1_170' title='bbox 649 2783 708 2826; x_wconf 92' lang='lat' dir='ltr'><strong>cur</strong></span> <span class='ocrx_word' id='word_1_171' title='bbox 736 2764 846 2844; x_wconf 86' lang='lat' dir='ltr'><strong>exeat,</strong></span> <span class='ocrx_word' id='word_1_172' title='bbox 877 2783 944 2826; x_wconf 91' lang='lat' dir='ltr'><strong>non</strong></span> <span class='ocrx_word' id='word_1_173' title='bbox 967 2759 1106 2837; x_wconf 83' lang='lat' dir='ltr'><strong>dicitur3</strong></span> <span class='ocrx_word' id='word_1_174' title='bbox 1138 2781 1257 2846; x_wconf 90' lang='lat' dir='ltr'><strong>nempe</strong></span> <span class='ocrx_word' id='word_1_175' title='bbox 1280 2759 1387 2841; x_wconf 88' lang='lat' dir='ltr'><strong>adest,</strong></span> <span class='ocrx_word' id='word_1_176' title='bbox 1419 2761 1456 2822; x_wconf 89' lang='lat' dir='ltr'><strong>ut</strong></span> 
     </span>
     <span class='ocr_line' id='line_1_24' title="bbox 340 2861 1454 2953; baseline -0.004 -22"><span class='ocrx_word' id='word_1_177' title='bbox 340 2864 544 2953; x_wconf 92' lang='lat' dir='ltr'><strong>colloquium</strong></span> <span class='ocrx_word' id='word_1_178' title='bbox 576 2869 755 2953; x_wconf 85' lang='lat' dir='ltr'><strong>repetatur</strong></span> <span class='ocrx_word' id='word_1_179' title='bbox 798 2870 834 2932; x_wconf 86' lang='lat' dir='ltr'><strong>ct</strong></span> <span class='ocrx_word' id='word_1_180' title='bbox 875 2865 1048 2931; x_wconf 89' lang='lat' dir='ltr'><strong>consilium</strong></span> <span class='ocrx_word' id='word_1_181' title='bbox 1083 2863 1261 2931; x_wconf 88' lang='lat' dir='ltr'><strong>Sostratae</strong></span> <span class='ocrx_word' id='word_1_182' title='bbox 1294 2861 1454 2951; x_wconf 91' lang='lat' dir='ltr'><strong>quomodo</strong></span> 
     </span>
     <span class='ocr_line' id='line_1_25' title="bbox 341 2965 1456 3061; baseline -0.005 -25"><span class='ocrx_word' id='word_1_183' title='bbox 341 2969 485 3052; x_wconf 85' lang='lat' dir='ltr'><strong>oriatur,</strong></span> <span class='ocrx_word' id='word_1_184' title='bbox 518 2970 786 3050; x_wconf 64' lang='lat' dir='ltr'><strong>demonstratum</strong></span> <span class='ocrx_word' id='word_1_185' title='bbox 820 2970 937 3056; x_wconf 90' lang='lat' dir='ltr'><strong>itaque</strong></span> <span class='ocrx_word' id='word_1_186' title='bbox 960 2973 1139 3056; x_wconf 90' lang='lat' dir='ltr'><strong>postquam</strong></span> <span class='ocrx_word' id='word_1_187' title='bbox 1160 2969 1280 3034; x_wconf 84' lang='lat' dir='ltr'><strong>nutrix</strong></span> <span class='ocrx_word' id='word_1_188' title='bbox 1302 2968 1346 3061; x_wconf 88' lang='lat' dir='ltr'><strong>id,</strong></span> <span class='ocrx_word' id='word_1_189' title='bbox 1370 2965 1456 3056; x_wconf 91' lang='lat' dir='ltr'><strong>quod</strong></span> 
     </span>
     <span class='ocr_line' id='line_1_26' title="bbox 221 3073 1455 3168; baseline -0.005 -26"><span class='ocrx_word' id='word_1_190' title='bbox 221 3151 224 3158; x_wconf 48' lang='grc'><strong>,</strong></span> <span class='ocrx_word' id='word_1_191' title='bbox 342 3074 520 3168; x_wconf 87' lang='lat' dir='ltr'><strong>secundum</strong></span> <span class='ocrx_word' id='word_1_192' title='bbox 543 3075 719 3150; x_wconf 83' lang='lat' dir='ltr'><strong>consilium</strong></span> <span class='ocrx_word' id='word_1_193' title='bbox 741 3077 863 3164; x_wconf 85' lang='lat' dir='ltr'><strong>poetae</strong></span> <span class='ocrx_word' id='word_1_194' title='bbox 885 3075 997 3141; x_wconf 90' lang='lat' dir='ltr'><strong>facere</strong></span> <span class='ocrx_word' id='word_1_195' title='bbox 1021 3074 1174 3157; x_wconf 85' lang='lat' dir='ltr'><strong>debebat,</strong></span> <span class='ocrx_word' id='word_1_196' title='bbox 1199 3073 1359 3166; x_wconf 79' lang='lat' dir='ltr'><strong>perfecit,</strong></span> <span class='ocrx_word' id='word_1_197' title='bbox 1379 3093 1455 3160; x_wconf 90' lang='lat' dir='ltr'><strong>qua-</strong></span> 
     </span>
     <span class='ocr_line' id='line_1_27' title="bbox 340 3180 835 3266; baseline -0.006 -19"><span class='ocrx_word' id='word_1_198' title='bbox 340 3180 417 3247; x_wconf 86' lang='lat' dir='ltr'><strong>dam</strong></span> <span class='ocrx_word' id='word_1_199' title='bbox 439 3201 538 3248; x_wconf 88' lang='lat' dir='ltr'><strong>causa</strong></span> <span class='ocrx_word' id='word_1_200' title='bbox 560 3181 651 3247; x_wconf 86' lang='lat' dir='ltr'><strong>intro</strong></span> <span class='ocrx_word' id='word_1_201' title='bbox 675 3180 835 3266; x_wconf 82' lang='lat' dir='ltr'><strong>abigitur.</strong></span> 
     </span>
     <span class='ocr_line' id='line_1_28' title="bbox 427 3280 1455 3371; baseline -0.007 -21"><span class='ocrx_word' id='word_1_202' title='bbox 427 3285 469 3350; x_wconf 90' lang='lat' dir='ltr'><strong>ln</strong></span> <span class='ocrx_word' id='word_1_203' title='bbox 486 3285 609 3351; x_wconf 88' lang='lat' dir='ltr'><strong>Heaut.</strong></span> <span class='ocrx_word' id='word_1_204' title='bbox 633 3309 665 3352; x_wconf 86' lang='lat' dir='ltr'><strong>v.</strong></span> <span class='ocrx_word' id='word_1_205' title='bbox 682 3283 747 3350; x_wconf 85' lang='grc'><strong>964</strong></span> <span class='ocrx_word' id='word_1_206' title='bbox 769 3286 893 3350; x_wconf 86' lang='lat' dir='ltr'><strong>exeunt</strong></span> <span class='ocrx_word' id='word_1_207' title='bbox 909 3282 1060 3371; x_wconf 83' lang='lat' dir='ltr'><strong>Clitipho</strong></span> <span class='ocrx_word' id='word_1_208' title='bbox 1084 3285 1119 3348; x_wconf 91' lang='lat' dir='ltr'><strong>et</strong></span> <span class='ocrx_word' id='word_1_209' title='bbox 1136 3282 1245 3369; x_wconf 87' lang='lat' dir='ltr'><strong>Syrus</strong></span> <span class='ocrx_word' id='word_1_210' title='bbox 1262 3304 1304 3349; x_wconf 80' lang='lat' dir='ltr'><strong>ex</strong></span> <span class='ocrx_word' id='word_1_211' title='bbox 1320 3280 1455 3347; x_wconf 90' lang='lat' dir='ltr'><strong>aedibus</strong></span> 
     </span>
     <span class='ocr_line' id='line_1_29' title="bbox 339 3387 1455 3477; baseline -0.005 -22"><span class='ocrx_word' id='word_1_212' title='bbox 339 3389 535 3470; x_wconf 84' lang='lat' dir='ltr'><strong>Menedemi,</strong></span> <span class='ocrx_word' id='word_1_213' title='bbox 565 3391 622 3477; x_wconf 93' lang='lat' dir='ltr'><strong>qui</strong></span> <span class='ocrx_word' id='word_1_214' title='bbox 653 3413 709 3456; x_wconf 90' lang='lat' dir='ltr'><strong>eos</strong></span> <span class='ocrx_word' id='word_1_215' title='bbox 731 3390 924 3456; x_wconf 85' lang='lat' dir='ltr'><strong>comitatur.</strong></span> <span class='ocrx_word' id='word_1_216' title='bbox 970 3387 1119 3476; x_wconf 78' lang='lat' dir='ltr'><strong>Clitipho</strong></span> <span class='ocrx_word' id='word_1_217' title='bbox 1148 3391 1327 3475; x_wconf 88' lang='lat' dir='ltr'><strong>postquam</strong></span> <span class='ocrx_word' id='word_1_218' title='bbox 1349 3387 1455 3453; x_wconf 89' lang='lat' dir='ltr'><strong>denuo</strong></span> 
     </span>
     <span class='ocr_line' id='line_1_30' title="bbox 339 3489 1455 3582; baseline -0.005 -22"><span class='ocrx_word' id='word_1_219' title='bbox 339 3494 375 3560; x_wconf 90' lang='lat' dir='ltr'><strong>in</strong></span> <span class='ocrx_word' id='word_1_220' title='bbox 398 3515 518 3562; x_wconf 89' lang='lat' dir='ltr'><strong>scaena</strong></span> <span class='ocrx_word' id='word_1_221' title='bbox 548 3516 568 3560; x_wconf 88' lang='lat' dir='ltr'><strong>a</strong></span> <span class='ocrx_word' id='word_1_222' title='bbox 590 3495 784 3562; x_wconf 90' lang='lat' dir='ltr'><strong>Menedemo</strong></span> <span class='ocrx_word' id='word_1_223' title='bbox 808 3492 1021 3582; x_wconf 83' lang='lat' dir='ltr'><strong>Chremetem</strong></span> <span class='ocrx_word' id='word_1_224' title='bbox 1052 3515 1087 3560; x_wconf 90' lang='lat' dir='ltr'><strong>se</strong></span> <span class='ocrx_word' id='word_1_225' title='bbox 1110 3492 1265 3559; x_wconf 85' lang='lat' dir='ltr'><strong>abdicare</strong></span> <span class='ocrx_word' id='word_1_226' title='bbox 1289 3489 1378 3558; x_wconf 89' lang='lat' dir='ltr'><strong>velle</strong></span> <span class='ocrx_word' id='word_1_227' title='bbox 1401 3512 1455 3556; x_wconf 92' lang='lat' dir='ltr'><strong>au·</strong></span> 
     </span>
     <span class='ocr_line' id='line_1_31' title="bbox 340 3593 1454 3688; baseline -0.004 -25"><span class='ocrx_word' id='word_1_228' title='bbox 340 3598 437 3679; x_wconf 84' lang='lat' dir='ltr'><strong>divit,</strong></span> <span class='ocrx_word' id='word_1_229' title='bbox 470 3604 604 3688; x_wconf 86' lang='lat' dir='ltr'><strong>patrem</strong></span> <span class='ocrx_word' id='word_1_230' title='bbox 626 3603 851 3666; x_wconf 88' lang='lat' dir='ltr'><strong>conventurus</strong></span> <span class='ocrx_word' id='word_1_231' title='bbox 882 3603 936 3664; x_wconf 89' lang='lat' dir='ltr'><strong>est</strong></span> <span class='ocrx_word' id='word_1_232' title='bbox 967 3598 1067 3682; x_wconf 82' lang='grc'>(960),</span> <span class='ocrx_word' id='word_1_233' title='bbox 1102 3593 1208 3684; x_wconf 82' lang='lat' dir='ltr'><strong>Syrus</strong></span> <span class='ocrx_word' id='word_1_234' title='bbox 1233 3619 1300 3681; x_wconf 81' lang='lat' dir='ltr'><strong>una</strong></span> <span class='ocrx_word' id='word_1_235' title='bbox 1322 3618 1397 3662; x_wconf 90' lang='lat' dir='ltr'><strong>cum</strong></span> <span class='ocrx_word' id='word_1_236' title='bbox 1419 3615 1454 3661; x_wconf 92' lang='lat' dir='ltr'><strong>eo</strong></span> 
     </span>
     <span class='ocr_line' id='line_1_32' title="bbox 341 3701 1467 3792; baseline -0.007 -22"><span class='ocrx_word' id='word_1_237' title='bbox 341 3705 518 3792; x_wconf 85' lang='lat' dir='ltr'><strong>egreditur</strong></span> <span class='ocrx_word' id='word_1_238' title='bbox 540 3708 576 3770; x_wconf 90' lang='lat' dir='ltr'><strong>et</strong></span> <span class='ocrx_word' id='word_1_239' title='bbox 591 3705 737 3770; x_wconf 86' lang='lat' dir='ltr'><strong>fortasse</strong></span> <span class='ocrx_word' id='word_1_240' title='bbox 759 3703 832 3788; x_wconf 87' lang='lat' dir='ltr'><strong>ipse</strong></span> <span class='ocrx_word' id='word_1_241' title='bbox 848 3724 980 3791; x_wconf 89' lang='lat' dir='ltr'><strong>quoque</strong></span> <span class='ocrx_word' id='word_1_242' title='bbox 1001 3725 1074 3768; x_wconf 92' lang='lat' dir='ltr'><strong>cum</strong></span> <span class='ocrx_word' id='word_1_243' title='bbox 1090 3701 1269 3768; x_wconf 82' lang='lat' dir='ltr'><strong>Chremeta</strong></span> <span class='ocrx_word' id='word_1_244' title='bbox 1283 3701 1467 3767; x_wconf 86' lang='lat' dir='ltr'><strong>locuturus¹</strong></span> 
     </span>
     <span class='ocr_line' id='line_1_33' title="bbox 340 3803 1455 3895; baseline -0.006 -19"><span class='ocrx_word' id='word_1_245' title='bbox 340 3815 402 3876; x_wconf 87' lang='lat' dir='ltr'><strong>est.</strong></span> <span class='ocrx_word' id='word_1_246' title='bbox 449 3810 660 3875; x_wconf 89' lang='lat' dir='ltr'><strong>Menedemus</strong></span> <span class='ocrx_word' id='word_1_247' title='bbox 683 3812 797 3875; x_wconf 91' lang='lat' dir='ltr'><strong>autem</strong></span> <span class='ocrx_word' id='word_1_248' title='bbox 819 3807 900 3895; x_wconf 89' lang='lat' dir='ltr'><strong>quid</strong></span> <span class='ocrx_word' id='word_1_249' title='bbox 922 3805 1021 3887; x_wconf 86' lang='lat' dir='ltr'><strong>velit,</strong></span> <span class='ocrx_word' id='word_1_250' title='bbox 1045 3830 1112 3873; x_wconf 89' lang='lat' dir='ltr'><strong>non</strong></span> <span class='ocrx_word' id='word_1_251' title='bbox 1135 3806 1364 3892; x_wconf 85' lang='lat' dir='ltr'><strong>cognoscitur;</strong></span> <span class='ocrx_word' id='word_1_252' title='bbox 1401 3803 1455 3871; x_wconf 87' lang='lat' dir='ltr'><strong>sed</strong></span> 
     </span>
     <span class='ocr_line' id='line_1_34' title="bbox 339 3910 1456 4002; baseline -0.006 -21"><span class='ocrx_word' id='word_1_253' title='bbox 339 3916 402 3986; x_wconf 89' lang='lat' dir='ltr'><strong>hac</strong></span> <span class='ocrx_word' id='word_1_254' title='bbox 417 3935 561 4002; x_wconf 88' lang='lat' dir='ltr'><strong>persona</strong></span> <span class='ocrx_word' id='word_1_255' title='bbox 584 3918 685 4000; x_wconf 92' lang='lat' dir='ltr'><strong>poeta</strong></span> <span class='ocrx_word' id='word_1_256' title='bbox 707 3913 829 3994; x_wconf 85' lang='lat' dir='ltr'><strong>utitur,</strong></span> <span class='ocrx_word' id='word_1_257' title='bbox 852 3916 894 3978; x_wconf 89' lang='lat' dir='ltr'><strong>ut</strong></span> <span class='ocrx_word' id='word_1_258' title='bbox 915 3911 1031 3998; x_wconf 86' lang='lat' dir='ltr'><strong>paucis</strong></span> <span class='ocrx_word' id='word_1_259' title='bbox 1046 3910 1247 3997; x_wconf 90' lang='lat' dir='ltr'><strong>colloquium</strong></span> <span class='ocrx_word' id='word_1_260' title='bbox 1271 3911 1363 3978; x_wconf 87' lang='lat' dir='ltr'><strong>inter</strong></span> <span class='ocrx_word' id='word_1_261' title='bbox 1386 3930 1456 3977; x_wconf 89' lang='lat' dir='ltr'><strong>eam</strong></span> 
     </span>
     <span class='ocr_line' id='line_1_35' title="bbox 341 4017 1456 4107; baseline -0.006 -20"><span class='ocrx_word' id='word_1_262' title='bbox 341 4027 377 4087; x_wconf 87' lang='lat' dir='ltr'><strong>et</strong></span> <span class='ocrx_word' id='word_1_263' title='bbox 389 4019 615 4107; x_wconf 85' lang='lat' dir='ltr'><strong>Clitiphonem</strong></span> <span class='ocrx_word' id='word_1_264' title='bbox 627 4019 719 4086; x_wconf 86' lang='lat' dir='ltr'><strong>intus</strong></span> <span class='ocrx_word' id='word_1_265' title='bbox 731 4017 883 4084; x_wconf 91' lang='lat' dir='ltr'><strong>habitum</strong></span> <span class='ocrx_word' id='word_1_266' title='bbox 899 4020 1045 4104; x_wconf 88' lang='lat' dir='ltr'><strong>repetat.</strong></span> <span class='ocrx_word' id='word_1_267' title='bbox 1074 4017 1302 4082; x_wconf 89' lang='lat' dir='ltr'><strong>Menedemum</strong></span> <span class='ocrx_word' id='word_1_268' title='bbox 1316 4020 1456 4104; x_wconf 87' lang='lat' dir='ltr'><strong>propter</strong></span> 
     </span>
     <span class='ocr_line' id='line_1_36' title="bbox 340 4118 1456 4211; baseline -0.004 -20"><span class='ocrx_word' id='word_1_269' title='bbox 340 4128 375 4191; x_wconf 92' lang='lat' dir='ltr'><strong>id</strong></span> <span class='ocrx_word' id='word_1_270' title='bbox 398 4125 574 4192; x_wconf 89' lang='lat' dir='ltr'><strong>consilium</strong></span> <span class='ocrx_word' id='word_1_271' title='bbox 604 4128 725 4211; x_wconf 91' lang='lat' dir='ltr'><strong>poetae</strong></span> <span class='ocrx_word' id='word_1_272' title='bbox 756 4146 927 4210; x_wconf 85' lang='lat' dir='ltr'><strong>egressum</strong></span> <span class='ocrx_word' id='word_1_273' title='bbox 951 4145 1022 4189; x_wconf 89' lang='lat' dir='ltr'><strong>esse</strong></span> <span class='ocrx_word' id='word_1_274' title='bbox 1045 4145 1083 4189; x_wconf 91' lang='lat' dir='ltr'><strong>eo</strong></span> <span class='ocrx_word' id='word_1_275' title='bbox 1107 4123 1337 4203; x_wconf 71' lang='lat' dir='ltr'><strong>confirmatur,</strong></span> <span class='ocrx_word' id='word_1_276' title='bbox 1370 4118 1456 4208; x_wconf 90' lang='lat' dir='ltr'><strong>quod</strong></span> 
     </span>
     <span class='ocr_line' id='line_1_37' title="bbox 339 4225 1454 4317; baseline -0.007 -21"><span class='ocrx_word' id='word_1_277' title='bbox 339 4237 417 4317; x_wconf 91' lang='lat' dir='ltr'><strong>post</strong></span> <span class='ocrx_word' id='word_1_278' title='bbox 441 4253 470 4294; x_wconf 85' lang='lat' dir='ltr'><strong>v.</strong></span> <span class='ocrx_word' id='word_1_279' title='bbox 496 4230 560 4297; x_wconf 86' lang='grc'><strong>960</strong></span> <span class='ocrx_word' id='word_1_280' title='bbox 581 4230 711 4295; x_wconf 88' lang='lat' dir='ltr'><strong>nullum</strong></span> <span class='ocrx_word' id='word_1_281' title='bbox 743 4229 809 4295; x_wconf 89' lang='lat' dir='ltr'><strong>iam</strong></span> <span class='ocrx_word' id='word_1_282' title='bbox 837 4230 977 4295; x_wconf 87' lang='lat' dir='ltr'><strong>verbum</strong></span> <span class='ocrx_word' id='word_1_283' title='bbox 1008 4227 1100 4309; x_wconf 90' lang='lat' dir='ltr'><strong>dicit,</strong></span> <span class='ocrx_word' id='word_1_284' title='bbox 1134 4226 1193 4294; x_wconf 90' lang='lat' dir='ltr'><strong>sed</strong></span> <span class='ocrx_word' id='word_1_285' title='bbox 1223 4227 1314 4292; x_wconf 91' lang='lat' dir='ltr'><strong>intro</strong></span> <span class='ocrx_word' id='word_1_286' title='bbox 1338 4226 1412 4292; x_wconf 90' lang='lat' dir='ltr'><strong>abit</strong></span> <span class='ocrx_word' id='word_1_287' title='bbox 1422 4225 1454 4309; x_wconf 82' lang='grc'><strong>1).</strong></span> 
     </span>
    </p>
   </div>
   <div class='ocr_carea' id='block_1_5' title="bbox 432 4351 1456 4430">
    <p class='ocr_par' dir='ltr' id='par_1_7' title="bbox 432 4351 1456 4430">
     <span class='ocr_line' id='line_1_38' title="bbox 432 4351 1456 4430; baseline -0.007 -15"><span class='ocrx_word' id='word_1_288' title='bbox 432 4351 458 4427; x_wconf 82' lang='grc'><strong>1)</strong></span> <span class='ocrx_word' id='word_1_289' title='bbox 479 4362 576 4416; x_wconf 83' lang='lat' dir='ltr'><strong>Omnia</strong></span> <span class='ocrx_word' id='word_1_290' title='bbox 605 4363 688 4430; x_wconf 87' lang='lat' dir='ltr'><strong>igitur</strong></span> <span class='ocrx_word' id='word_1_291' title='bbox 715 4361 743 4414; x_wconf 88' lang='lat' dir='ltr'><strong>in</strong></span> <span class='ocrx_word' id='word_1_292' title='bbox 772 4376 871 4414; x_wconf 88' lang='lat' dir='ltr'><strong>scaena</strong></span> <span class='ocrx_word' id='word_1_293' title='bbox 896 4361 995 4414; x_wconf 88' lang='lat' dir='ltr'><strong>Heaut.</strong></span> <span class='ocrx_word' id='word_1_294' title='bbox 1016 4364 1111 4414; x_wconf 84' lang='lat' dir='ltr'><strong>614ss.</strong></span> <span class='ocrx_word' id='word_1_295' title='bbox 1140 4375 1199 4412; x_wconf 89' lang='lat' dir='ltr'><strong>cum</strong></span> <span class='ocrx_word' id='word_1_296' title='bbox 1229 4365 1288 4412; x_wconf 87' lang='lat' dir='ltr'><strong>arte</strong></span> <span class='ocrx_word' id='word_1_297' title='bbox 1314 4355 1456 4412; x_wconf 83' lang='lat' dir='ltr'><strong>Menandri</strong></span> 
     </span>
    </p>
   </div>
   <div class='ocr_carea' id='block_1_6' title="bbox 0 0 1559 5204">
    <p class='ocr_par' dir='ltr' id='par_1_8' title="bbox 0 0 1559 5204">
     <span class='ocr_line' id='line_1_39' title="bbox 0 0 1559 5204; baseline 0 0"><span class='ocrx_word' id='word_1_298' title='bbox 0 0 1559 5204; x_wconf 95' lang='lat' dir='ltr'><strong> </strong></span> 
     </span>
    </p>
   </div>
  </div>
 </body>
</html>
