3098 5204
842 385 885 484 3

311 605 313 608 -
396 557 497 642 Ae'ris
522 557 633 626 aditui
665 579 765 626 causa
796 581 863 624 non
893 559 989 626 deest
1020 559 1057 624 in
1080 557 1284 626 Philemonis
1307 557 1437 644 fragm.

309 661 348 725 91
379 661 455 728 ideo
479 666 630 746 tantum,
662 662 752 747 quod
782 667 842 730 3111
872 664 994 751 ubique
1017 663 1115 730 adest
1127 664 1160 750 1).
1205 662 1308 729 Haud
1331 663 1440 730 aliter

308 769 411 854 atque
435 767 610 834 Auxilium
623 762 809 834 'Menandri
838 769 874 833 in
896 768 1055 835 Rudente
1078 767 1239 855 Diphilea
1261 767 1437 836 Arcturus

309 875 345 937 et
367 873 403 936 in
426 872 594 958 Amphitr.
619 873 807 940 Mercurius
830 873 1010 959 prodeunt,
1040 876 1081 939 ut
1103 881 1341 958 argumentum
1365 873 1438 939 elo·

278 1023 280 1032 (
307 979 456 1063 quantur
479 977 579 1059 (Rud.
604 979 643 1044 31
670 985 707 1044 et
728 977 851 1064 Amph.
877 978 918 1042 17
931 977 998 1061 ss),
1026 977 1063 1044 id
1085 981 1152 1044 est:
1186 999 1307 1045 revera
1330 999 1437 1044 causa

308 1079 411 1147 deest.
434 1081 573 1170 Atque
596 1081 748 1169 quamvis
778 1104 886 1170 neque
908 1085 1049 1169 poetam
1065 1103 1173 1170 neque
1197 1081 1344 1150 fabulam
1371 1104 1436 1148 no-

307 1185 475 1268 verimus,
511 1193 626 1252 tamen
657 1190 751 1254 certo
783 1186 956 1252 affirmare
987 1209 1163 1272 possumus
1195 1185 1297 1253 etiam
1329 1188 1437 1272 Φόβον

199 1327 205 1337 ,
306 1289 860 1378 (fragm.adespot.154K.).non
883 1291 1018 1372 dixisse,
1043 1314 1103 1358 our
1126 1289 1264 1358 adisset.
1335 1329 1336 1333 =

397 1412 490 1480 Haec
522 1413 677 1491 licentia,
717 1434 803 1500 quae
837 1414 879 1480 ad
894 1393 897 1400 ¹
913 1411 1043 1480 aditum
1078 1414 1182 1480 deum¹
1213 1393 1446 1500 prologorum

307 1517 511 1601 pertinebat,
543 1539 563 1582 a
594 1518 727 1585 comicis
761 1519 864 1584 etiam
895 1519 938 1585 ad
971 1540 1130 1607 personas
1161 1519 1308 1601 fabulae,
1343 1541 1436 1608 quae

200 1612 203 1620 ’
310 1628 546 1706 argumentum
576 1622 702 1696 dicunt,
738 1624 910 1689 translata
941 1623 1018 1691 est..
1061 1623 1160 1688 Micio
1194 1622 1230 1688 in
1252 1623 1437 1711 Adelphis,

311 1723 478 1797 Charinus
502 1727 536 1792 in
559 1727 710 1808 Mercat,
735 1725 924 1794 Palaestrio
948 1727 984 1793 in
999 1728 1111 1794 Milite
1135 1730 1180 1811 (v.
1198 1729 1253 1813 79>
1277 1729 1437 1815 exempla

309 1832 397 1894 sunt.
713 1846 717 1854 ’

395 2081 421 2124 3.
445 2057 487 2127 In
502 2059 613 2144 prisca
628 2058 807 2146 tragoedia
823 2061 942 2127 Attica
956 2083 1093 2148 prorsus
1118 2083 1158 2128 ea
1180 2061 1301 2148 regula
1323 2061 1435 2142 valet,

308 2180 407 2248 quam
438 2162 652 2230 Christianus
682 2165 770 2232 Muff
800 2165 878 2250 (Die
910 2165 1081 2232 chorische
1105 2165 1254 2232 Technilr
1286 2167 1344 2232 des
1358 2165 1436 2230 ·So-

306 2266 448 2353 phohles
470 2290 503 2356 p.
520 2268 575 2354 29)
591 2271 803 2336 observavit:
831 2269 1092 2360 „DieAufgahe‚
1110 2270 1165 2337 die
1181 2271 1240 2337 der
1256 2269 1436 2356 tragische

221 2388 223 2393 '
309 2369 399 2438 Chor
413 2371 450 2436 in
466 2363 529 2438 (131Ι
542 2373 693 2465 Parodos
711 2397 754 2440 zu
769 2359 914 2440 eriiillen
929 2375 999 2459 hat,
1024 2375 1071 2441 ist
1088 2375 1151 2454 die,
1176 2376 1247 2441 sein
1263 2375 1436 2441 Kommen

309 2499 351 2542 zu
372 2477 620 2576 motivier'en..
641 2481 667 2542 .“
715 2479 841 2544 Paulus
864 2479 1007 2546 Richter
1031 2479 1164 2566 quidem
1188 2469 1270 2565 (Zur
1286 2480 1436 2546 Drama-

282 2581 422 2666 iturgie
459 2581 516 2649 des
548 2582 719 2668 Aschylus
752 2606 784 2670 p.
810 2584 904 2667 135),
943 2585 997 2649 cui
1030 2585 1262 2673 Deohingerus
1301 2587 1345 2672 (p.
1374 2585 1436 2670 33)

308 2685 505 2766 assentitur,
538 2685 625 2752 hanc
654 2689 861 2753 contrariam
895 2689 1099 2754 sententiam
1132 2688 1298 2776 protulit:
1340 2689 1436 2772 „Der

309 2789 398 2855 Ohor
431 2791 479 2855 ist
509 2791 544 2856 in
568 2790 628 2856 der
652 2791 822 2858 attisohen
845 2791 1111 2880 Prag'odieeine
1136 2817 1172 2860 so
1195 2793 1435 2860 feststehende

309 2894 549 2981 Ersoheinung,
566 2895 631 2961 dass
647 2896 718 2962 sein
729 2897 919 2963 Auftreten
933 2897 1027 2964 nicht
1042 2899 1221 2968 motiviert
1238 2922 1280 2964 au
1292 2898 1435 2966 werden

229 2983 231 2992 ¹
307 2999 482 3066 brauoht“.
526 3001 577 3066 At
600 3001 631 3066 ei
653 3005 845 3087 repugnant
868 3003 972 3068 verba
994 3003 1212 3090 antiquorum
1233 3003 1434 3090 grammati-

101 3161 102 3168 ,
173 3133 175 3138 ·
308 3127 431 3186 corum,
467 3104 525 3192 qui
555 3107 683 3172 maiore
707 3107 898 3172 fabularum
921 3107 1018 3194 copia
1040 3109 1224 3174 utebantur
1248 3131 1346 3196 quam
1369 3131 1435 3175 nos

308 3207 431 3290 (Schol.
454 3207 620 3296 Antigon.
644 3233 676 3277 v.
701 3211 793 3297 100):
833 3210 1035 3296 μετάπεμπτοι
1059 3211 1091 3275 δὲ
1114 3214 1244 3276 ἐοίκασιν
1269 3215 1349 3277 οὗτοι
1374 3212 1434 3278 ὑπὸ

307 3317 359 3376 τοῦ
375 3312 521 3399 Κρέοντος
537 3317 728 3399 γεγενῆσθαι,
752 3315 837 3378 ἐπεὶ
859 3315 923 3380 καὶ
946 3315 1246 3402 τάςπροφάσεις
1269 3327 1340 3403 τῆς
1357 3320 1435 3381 εἰσ-

310 3421 398 3484 όδου
423 3433 492 3484 τῶν
515 3427 641 3506 χορῶν
665 3419 830 3493 πιθανὰς
854 3421 956 3485 εἶναι
982 3425 1056 3504 δεῖ;
1090 3423 1433 3510 3111331111οΑςᾶ-

308 3525 490 3591 memnonis
506 3524 579 3592 looo
595 3526 639 3610 (v.
656 3525 774 3610 4033),
799 3526 840 3592 (13
857 3549 921 3613 quo
939 3525 1078 3593 disserit
1092 3527 1285 3609 Richterus,
1307 3527 1433 3596 chorus

253 3683 255 3690 ,
308 3651 387 3703 11311Ι
406 3629 537 3716 apertis
570 3629 681 3696 verbis
714 3652 749 3696 se
781 3631 952 3698 sacrificiis
977 3630 1250 3718 Clytaemestrae
1282 3633 1318 3698 in
1346 3635 1433 3699 urbe

309 3733 391 3798 visis
415 3732 591 3800 advenisse
614 3733 715 3816 dicat,
740 3738 780 3800 ut
802 3735 843 3801 de
858 3734 1000 3800 fortuna
1014 3736 1276 3821 Agamemnonis
1301 3737 1433 3805 certior

308 3839 416 3920 fieret,
453 3861 493 3904 ea
527 3861 612 3926 qnae
645 3838 842 3925 interrogat
874 3864 905 3907 v.
929 3841 971 3906 83
982 3863 1024 3908 ss.
1060 3841 1143 3907 satis
1178 3848 1258 3908 sunt
1291 3863 1432 3927 oausae;

310 3945 519 4030 spectatores
544 3943 663 4008 saltem
687 3944 799 4011 Attici
821 3944 864 4010 iis
887 3947 1039 4011 contenti
1062 3949 1176 4028 erant,
1211 3951 1251 4013 ut
1281 3947 1433 4014 interro-

402 4227 428 4295 1)
448 4227 599 4280 Trinummi
612 4228 742 4296 prologus
763 4244 822 4282 cum
842 4231 940 4283 ceteris
953 4225 1075 4298 prologis
1089 4232 1243 4300 comparari
1262 4249 1316 4285 non
1329 4238 1432 4300 potest,

311 4315 384 4384 quod
395 4315 518 4369 Philemo
537 4317 588 4370 hoc
607 4317 668 4370 loco
688 4317 770 4370 aliam
783 4317 898 4373 formam
911 4318 1088 4387 Euripideam
1102 4320 1226 4374 consulto
1239 4321 1360 4375 imitatus
1378 4329 1430 4376 est.
