3098 5204
870 399 911 464 10

298 585 300 590 '
357 625 358 632 ,
414 571 680 639 Philemonis
703 569 838 638 fabulas
861 569 1015 636 novimus
1039 574 1109 638 tres
1133 592 1154 636 a
1175 569 1300 638 Plauto
1323 591 1456 650 versas,

329 675 563 758 Mercatorem,
586 675 827 758 Trinummum,
851 675 1108 757 Mostellariam,
1138 696 1224 762 quae
1246 697 1313 750 nou
1336 677 1455 741 conta-

328 781 549 847 taminatione
572 780 772 847 immutatae
795 789 885 845 sunt.

415 884 591 973 Diphili
622 883 761 952 Rudens
791 884 944 970 integra,
978 882 1102 952 Casina
1131 903 1287 967 magnam
1319 885 1456 970 partem

205 1013 208 1023 ¹
328 989 559 1061 contaminata
581 992 651 1072 est;
677 987 779 1056 etiam
795 987 1020 1070 Vidulariam,
1045 987 1137 1054 cuius
1161 987 1246 1054 nihil
1268 985 1334 1053 nisi
1357 985 1455 1073 frag-

328 1098 442 1161 menta
474 1097 665 1182 supersunt,
701 1093 808 1160 eidem
838 1096 961 1182 poetae
992 1113 1064 1160 esse
1089 1092 1304 1160 tribuendam
1328 1091 1456 1160 ,verisi-

329 1199 408 1265 mile
432 1202 494 1265 est.

415 1303 635 1391 Exemplaria
667 1302 878 1370 Phormiouis
911 1306 946 1369 et
981 1301 1139 1388 Hecyrae
1171 1300 1456 1368 Terentianamm

329 1411 431 1476 arant
448 1407 584 1474 fabulae
605 1407 873 1494 Apollodori
889 1405 1049 1494 Carystii,
1073 1405 1254 1474 Asinariae
1269 1405 1456 1473 Plautinae

327 1515 448 1579 auctor
468 1511 760 1598 Demophilus.
804 1510 971 1599 Reliquae
986 1511 1124 1579 fabulae
1147 1532 1336 1598 anonymae
1360 1515 1453 1577 sunt

328 1617 381 1682 Ex
411 1617 463 1684 his
496 1616 642 1705 Captivi,
676 1616 843 1698 Curculio,
877 1616 1047 1703 Epidicus,
1087 1614 1301 1698 Menaechmi,
1335 1613 1454 1698 Persa,

322 1721 553 1788 muculentos
577 1745 679 1786 unum
694 1721 821 1788 habent
837 1725 873 1787 et
890 1720 1031 1809 simplex
1047 1723 1293 1807 argumentum,
1318 1722 1454 1788 ceterae

329 1829 391 1893 aut
414 1827 662 1893 contaminatae
686 1829 765 1893 sunt
785 1824 1015 1913 [Amphitrua
1040 1823 1160 1892 Militis
1182 1825 1212 1905 I,
1235 1825 1296 1907 IV,
1321 1823 1365 1910 V]
1389 1828 1454 1890 aut

327 1931 458 1998 alterae
481 1933 599 2019 partes
622 1930 814 1997 fabularum
837 1930 1141 1997 contaminatarum
1166 1929 1301 2017 [Amph.
1325 1929 1391 2012 I,3
1415 1934 1455 1996 et

327 2035 454 2121 11,21)‚
479 2035 682 2102 Bacchidum
705 2035 811 2101 tertia
832 2034 939 2116 frana,
965 2035 998 2100 id
1022 2038 1075 2101 est
1107 2055 1228 2101 scaena
1250 2033 1312 2112 IV,
1330 2035 1350 2098 9
1372 2034 1455 2100 inde

323 2161 349 2206 -a
372 2163 402 2206 v.
426 2141 500 2222 953,
534 2139 645 2206 altera
676 2161 756 2226 pars
779 2138 922 2206 Oasinae
946 2139 984 2204 II
1008 2139 1094 2220 iss,
1131 2137 1250 2205 Militis
1273 2139 1321 2221 II,
1354 2137 1454 2224 prior
1529 2153 1530 2162 ’

328 2265 406 2331 pars
437 2243 590 2327 Poenuli,
622 2243 784 2311 Pseudoli
815 2265 955 2312 scaenae
983 2244 1011 2323 Ι,
1030 2244 1065 2328 1;
1101 2244 1129 2326 Ι,
1146 2245 1181 2328 5;
1218 2243 1260 2326 V,
1276 2245 1307 2325 2,
1342 2242 1456 2310 Stichi

327 2370 409 2436 pars
440 2348 559 2432 media,
595 2347 706 2416 Stichi
730 2349 784 2433 VJ.
828 2344 897 2415 Sed
930 2370 1014 2435 quos
1049 2347 1163 2415 aditus
1198 2348 1380 2436 Terentius
1415 2351 1454 2414 et

327 2452 472 2519 Plautus
503 2453 760 2520 contaminando
792 2453 1013 2535 mutaverint,
1047 2475 1106 2518 suo
1129 2452 1201 2519 loco
1227 2452 1453 2520 ostendemus.

415 2643 596 2733 Euripides
616 2649 658 2714 ab
674 2645 845 2732 Aeschylo
862 2649 897 2712 et
913 2645 1077 2733 Sophocle
1093 2647 1234 2712 maxime
1259 2667 1297 2712 eo
1321 2645 1453 2729 differt,

328 2751 416 2838 quod
440 2751 652 2836 tragoediam
678 2751 786 2836 magis
809 2750 982 2817 advitam
1005 2751 1209 2818 cotidianam
1225 2751 1454 2818 conformavit

257 2939 259 2952 Ι
329 2856 451 2939 (Arist.
474 2877 546 2921 ran.
571 2855 651 2920 959:
684 2857 779 2919 οἰκεῖα
809 2855 957 2941 πράγματ’
982 2856 1121 2940 εἰσάγων,
1155 2854 1197 2927 οἷς
1227 2850 1374 2942 χρώμεθ’,
1407 2853 1453 2928 οἷς

331 2959 473 3043 ξύνεσμεν
498 3010 504 3024 .
531 3011 538 3024 .
564 2960 594 3048 .).
630 2957 752 3047 Itaque
774 2981 841 3034 non
864 2963 1014 3042 veretur,
1038 2984 1080 3027 ne
1102 2983 1264 3048 personas
1287 2959 1453 3047 templum
1531 2959 1532 3012 ἲ

331 3068 508 3131 verrentes
532 3066 585 3146 (ci.
610 3063 761 3150 Jonyet
746 3064 899 3132 talooo
923 3065 981 3132 ubi
1004 3069 1116 3133 vestes
1151 3065 1310 3133 eluebant
1334 3086 1449 3131 rever·

328 3173 441 3236 tentes
474 3169 529 3256 (cf.
553 3170 690 3237 chorum
718 3169 868 3239 Helenae
899 3175 935 3237 et
966 3170 1157 3259 Hippoi.)
1147 3194 1183 3236 m
1214 3193 1367 3238 scaenam
1399 3171 1451 3235 in·

327 3274 438 3341 ducat.
483 3274 615 3341 Deinde
647 3275 798 3360 agricola
826 3277 861 3340 in
884 3275 1022 3342 Electra
1054 3297 1151 3342 mane
1183 3276 1227 3344 ad
1259 3298 1380 3361 agrum
1412 3297 1450 3342 sa
1530 3263 1532 3344 l

298 3379 468 3447 ‘confert
515 3379 582 3447 Sed
614 3380 680 3445 etsi
712 3381 826 3446 comici
857 3381 892 3446 in
923 3380 1048 3447 talibus
1082 3380 1181 3447 rebus
1213 3403 1286 3446 cum
1309 3379 1449 3464 tragico
1531 3369 1532 3436 Ῠ

327 3485 552 3565 consentiunt,
584 3524 625 3532 -
657 3507 685 3551 e.
715 3508 768 3571 gr.
801 3485 838 3552 in
871 3485 1102 3552 Heautontim.
1136 3487 1201 3550 420
1235 3483 1449 3578 Menedemus
1531 3483 1532 3486 ’

326 3612 423 3656 mane-
454 3589 566 3677 palam
597 3612 712 3656 umero
744 3593 886 3677 portans
919 3589 1096 3676 egreditur
1129 3593 1167 3656 et
1195 3591 1381 3656 Daemones
1414 3595 1450 3656 et
1531 3587 1532 3592 ’

328 3693 510 3780 Sceparnio
534 3693 622 3759 Rud.
646 3693 743 3762 initio
773 3693 861 3781 palis
893 3693 1004 3761 lutum
1027 3697 1063 3760 et
1085 3697 1217 3760 terram
1239 3683 1448 3776 confodiunt,

297 3821 301 3828 ’
327 3837 371 3846 -
393 3801 507 3864 tamen
530 3797 608 3865 inde
629 3820 697 3865 non
713 3797 866 3864 concludi
883 3801 998 3885 potest
1014 3821 1070 3864 eos
1088 3798 1285 3886 Euripidem
1307 3799 1448 3879 imitari.

328 3975 532 4028 enuntiaturum
551 3973 637 4028 inisse
666 3975 804 4029 existimo:
836 3991 922 4042 „quae
941 3981 1102 4042 argumento
1123 3990 1182 4028 cum
1210 3976 1247 4028 sit
1274 3974 1385 4044 duplici,
1415 3990 1449 4028 ex

328 4079 382 4116 una
401 4069 492 4117 tamen
519 4063 659 4118 comoedia
685 4079 815 4118 conversa
835 4066 902 4118 est.“
942 4063 983 4117 Os.
1004 4065 1085 4118 etiam
1106 4065 1172 4130 Lao,
1198 4065 1263 4118 hist.
1290 4065 1343 4118 litt.
1370 4066 1448 4123 Rom.

327 4153 354 4228 1,
368 4155 428 4218 241,
449 4151 540 4206 adnot.
561 4156 585 4205 4.
1531 4169 1532 4230 3

418 4243 444 4310 1)
464 4240 505 4295 ef.
525 4242 590 4308 Leo,
610 4241 710 4296 Nachr.
731 4241 756 4296 d.
777 4243 850 4297 Gon.
870 4243 932 4297 Ges.
953 4243 1029 4312 1911,
1048 4246 1155 4312 254ss,
1177 4252 1204 4297 ct
1222 4244 1301 4314 idem,
1322 4245 1371 4312 Qu.
1392 4244 1446 4297 Pl.2

329 4333 379 4383 185
398 4329 460 4384 adn.
481 4334 521 4383 2.·
