3098 5204
869 481 911 546 52

327 653 464 720 dubium
491 658 564 736 est,
587 653 717 723 scilicet
739 653 1025 740 exspectationem
1048 656 1278 746 spectatorum
1301 653 1446 719 excitare

255 751 257 756 ⁷
327 761 364 824 et
387 758 507 826 deinde
528 757 763 826 retardatione
788 780 912 846 augere
936 757 1056 840 voluit,
1082 757 1140 824 sed
1163 779 1229 845 qua
1252 779 1354 824 causa
1375 780 1446 846 per·

328 885 409 931 sona
432 851 598 930 commota
619 864 674 946 sit,
708 867 749 929 ut
776 863 869 929 intus
894 867 1012 944 cesset,
1044 884 1113 929 non
1134 861 1268 929 dicitur.
1313 861 1446 929 Aristo-

327 968 454 1055 phanes
471 991 545 1034 cum
561 967 648 1038 hane
662 968 805 1034 formam
820 967 873 1035 ita
887 967 1046 1052 mutavit,
1070 971 1143 1034 tum
1159 989 1294 1034 causam
1315 967 1447 1034 tardius

328 1073 429 1139 eundi
462 1073 649 1156 addendam
685 1096 758 1142 esse
791 1094 859 1139 non
897 1072 1004 1140 sensit
1026 1073 1082 1140 vel
1108 1071 1271 1158 neglexit,
1308 1071 1374 1160 qu'a
1407 1072 1446 1138 iis

328 1177 421 1260 locis,
457 1178 576 1265 quibus
611 1178 750 1260 nuntius
785 1176 912 1266 prodit,
945 1199 1012 1244 nou
1047 1200 1129 1264 opus
1164 1182 1251 1260 erat,
1286 1177 1447 1265 siquidem

327 1282 440 1349 nuntii
463 1286 517 1350 est
538 1283 782 1370 praenuntiare
804 1303 967 1369 personas
991 1286 1179 1369 sequentes

415 1386 510 1454 Hanc
526 1387 749 1454 mutationem
773 1425 815 1436 --
837 1387 991 1454 mirabile
1015 1386 1173 1459 dictu-
1196 1386 1377 1474 Euripides
1400 1409 1447 1453 se·

328 1501 425 1560 cutus
449 1515 522 1559 esse
547 1491 684 1560 videtur
699 1493 735 1558 iu
750 1492 890 1575 Helena,
915 1515 1014 1580 quam
1030 1492 1088 1580 qui
1104 1491 1246 1558 mediam
1269 1515 1342 1560 esse
1360 1493 1449 1558 inter

328 1597 540 1684 tragoediam
562 1589 598 1664 et
621 1597 825 1664 comoediam
858 1596 1030 1680 dixerunt,
1063 1619 1130 1684 non
1162 1598 1448 1664 aberraverunta

329 1725 428 1770 vero:
452 1703 494 1768 in
510 1723 631 1769 scaena
647 1703 731 1768 1369
742 1725 785 1768 ss.
823 1701 955 1768 Helena
971 1702 1043 1767 exit
1059 1712 1094 1768 et
1109 1703 1211 1796 rebus
1226 1702 1320 1769 intus
1343 1701 1447 1788 gestis

328 1809 481 1898 narratis
514 1807 609 1874 chori
638 1810 674 1874 et
705 1810 934 1894 spectatorum
966 1805 1093 1873 animos
1125 1806 1276 1873 intentos
1299 1806 1385 1873 facit
1407 1805 1448 1871 ad

328 1911 482 1979 habitum
504 1911 649 1979 Menelai
677 1915 854 1978 mutatum.
877 1997 879 2002 ‚
900 1911 976 1998 Qua
1005 1920 1119 1978 autem
1141 1935 1180 1978 re
1203 1912 1360 1979 commoti
1383 1908 1447 1977 Me·

328 2016 447 2083 nelaus
478 2021 514 2083 et
537 2015 806 2101 Theoclymenus
837 2015 930 2082 intus
963 2017 1179 2098 cessaverint,
1211 2017 1351 2099 nescias,
1384 2016 1449 2082 nisi

329 2122 504 2189 consilium
518 2126 640 2210 poetae
657 2121 741 2188 satis
756 2142 877 2187 causae
895 2143 967 2186 esse
984 2124 1095 2207 putes.
1141 2120 1266 2188 Similis
1291 2125 1343 2187 est
1357 2121 1449 2188 locus
1495 2157 1499 2163 ·

329 2227 449 2293 Bacch.
485 2226 721 2312 v.912ss.1).x
763 2225 914 2295 Bacchus
949 2227 1019 2293 exit
1053 2232 1089 2292 et
1123 2225 1319 2306 Pentheum,
1354 2248 1450 2312 quem

328 2332 434 2408 intus¹
453 2331 611 2398 muliebri
642 2331 773 2398 vestitu
807 2330 953 2414 ornavit,
987 2331 1081 2398 foras
1112 2334 1232 2398 evocet
1263 2331 1377 2399 verbis
1401 2331 1451 2395 ita

329 2437 543 2525 comparatis,
567 2439 608 2501 ut
630 2436 732 2502 animi
751 2439 979 2523 spectatorum
995 2435 1040 2502 ad
1054 2435 1218 2502 vestitum
1241 2444 1276 2502 et
1298 2434 1449 2502 habitum

329 2541 473 2609 Penthei
494 2541 726 2627 intendentur.
773 2541 903 2608 Rursus
918 2540 1015 2607 nulla
1038 2562 1139 2608 causa
1161 2539 1293 2607 tardius
1310 2539 1451 2607 exeundi

329 2647 513 2714 invenitur.

417 2751 635 2819 Manifestum
659 2772 739 2838 ergo
763 2754 825 2832 est,
858 2750 1067 2842 cum'nuntii
1093 2749 1339 2837 praenuntient
1360 2773 1450 2838 pom-

329 2878 405 2946 pam
439 2856 645 2943 plerumque,
680 2855 765 2921 hanc
798 2857 935 2921 brevem
958 2854 1109 2938 formam,
1144 2855 1179 2920 in
1212 2877 1278 2940 qua
1309 2875 1451 2941 persona

331 2961 497 3049 primaria
528 2959 760 3047 praenuntiat,
805 2959 846 3025 iis
880 2959 973 3041 locis,
1007 2959 1126 3047 quibus
1161 2959 1196 3025 in
1229 2959 1450 3025 mutationem

331 3066 438 3133 vestis
472 3065 528 3133 vel
560 3063 695 3154 habitus
734 3063 874 3130 alicuius
918 3086 1082 3150 personae
1123 3065 1242 3130 animis
1275 3063 1450 3132 intendere

331 3171 442 3238 voluit
473 3174 585 3258 poeta,
617 3173 816 3256 usurpatam
851 3183 933 3235 esse.
979 3168 1089 3250 Quam
1117 3177 1227 3236 artem
1257 3163 1360 3255 poeta
1401 3191 1450 3234 co-

331 3277 435 3343 micus
457 3276 612 3342 imitatus
636 3279 689 3340 est
711 3273 784 3340 loco
810 3273 971 3341 Pseudoli
994 3296 1098 3362 supra
1130 3274 1255 3358 allat05
1290 3279 1325 3340 et
1348 3295 1450 3361 aeque

332 3385 435 3469 atque
467 3366 549 3447 locis
573 3379 724 3446 Helenae
754 3382 789 3444 ct
820 3379 939 3444 Bacch.
964 3365 1079 3446 allatis
1112 3379 1174 3458 hoc
1205 3379 1278 3444 loco
1311 3399 1453 3466 persona

332 3486 444 3554 altera
465 3489 599 3552 mutata
620 3488 716 3550 veste
740 3483 875 3552 incedit.

420 3591 543 3658 Utrum
566 3611 653 3655 'vero
684 3589 843 3654 comicum
874 3610 917 3654 an
946 3588 1115 3674 tragicum
1145 3592 1248 3682 poeta
1269 3610 1378 3655 novae
1400 3609 1452 3653 co-

333 3695 484 3764 moediae
515 3697 649 3761 secutus
682 3693 737 3774 sit,
770 3715 866 3760 nemo
890 3693 947 3780 qui
961 3698 1178 3788 ¹quantopere
1200 3693 1332 3785 Helene
1355 3692 1452 3758 Euri·

334 3889 544 3958 mwfflw

583 3977 655 4030 Ἀλλ’
675 3977 715 4030 ὅδε
734 3981 780 4048 γὰρ
799 3978 829 4048 δὴ
851 3979 962 4047 βασιλεὺς
981 3978 1029 4048 πρὸ
1050 3978 1136 4046 δόμων

584 4067 663 4140 κῆρυξ
681 4066 772 4138 θ’ἱερὸς
791 4068 834 4120 καὶ
853 4075 909 4125 παῖς
930 4065 1039 4120 Φαέθων

551 4209 554 4216 ,
585 4159 703 4227 βαίνουσι,
722 4157 881 4227 τριπλοῦν
900 4153 1026 4226 ζεῦγος,
1049 4156 1113 4228 ἔχειν
1133 4158 1182 4228 χρὴ

585 4247 655 4314 στόμ’
677 4247 702 4298 ἐν
720 4247 813 4318 ἡσυχίᾳ
833 4287 838 4298 .
860 4287 866 4298 .
887 4286 893 4299 .

336 4335 390 4389 Sed
411 4335 503 4390 nescio
523 4351 557 4395 an
577 4335 777 4404 Aristophanes
796 4335 885 4388 locum
904 4334 1018 4387 similem
1036 4333 1179 4402 Euripidis
1197 4333 1336 4402 respiciat.

336 4461 337 4466 ν
428 4425 454 4494 l)
474 4424 546 4476 Miro
564 4423 643 4478 modo
664 4423 753 4476 forma
766 4423 879 4492 brevior,
894 4428 921 4476 et
939 4423 1047 4490 longior
1066 4422 1094 4474 in
1114 4422 1208 4476 eadem
1227 4421 1324 4476 fabula
1337 4429 1456 4477 exstant.
