3098 5204
612 435 654 499 43

71 607 106 672 σὺ
131 602 246 680 δἀὐτὸς
263 609 316 670 οὐκ
332 607 459 680 ἀκούεις.
507 607 567 674 Η15
582 607 697 675 verbis'
713 607 848 674 sirecte
871 607 1035 692 intellego
1051 608 1192 674 comicus

68 703 208 780 scaenas
231 712 442 799 Euripidem,
477 713 514 780 in
544 712 664 800 quibus
699 735 793 779 senes
826 734 881 779 res
913 715 1013 780 extra
1041 733 1194 790 scaenam

68 819 135 883 iam
168 818 340 905 expositas
373 819 497 884 iterum
529 816 648 884 audire
680 818 829 905 cupiunt,
863 817 931 883 vel
950 817 1107 882 imitatur
1138 817 1192 882 vel

69 923 204 989 irridet.
242 923 284 987 In
300 945 388 989 nova
403 914 488 989 verou
500 921 673 988 comoedia
688 921 947 988 innumerabiles
961 921 1027 988 loci
1045 925 1191 1003 exstant,

69 1027 191 1113 quibus
214 1031 344 1115 poetae·
358 1026 444 1092 hanc
466 1025 611 1092 formam
633 1036 895 1114 usurpaverunt,
919 1049 986 1092 non
1008 1026 1073 1091 iam
1097 1025 1193 1092 chori
1259 1101 1260 1104 ¹

69 1153 181 1214 causa,
220 1131 278 1200 sed
312 1134 352 1197 nt
387 1133 598 1222 spectatores
631 1131 746 1216 paucis
779 1128 943 1197 certiores
965 1131 1120 1198 facerent
1151 1131 1192 1196 de

68 1236 235 1324 colloquio
266 1238 367 1303 extra
398 1255 552 1302 scaenam
573 1234 710 1303 habito.
757 1235 851 1318 Quae
882 1235 1054 1322 repetitio,
1088 1237 1192 1321 prout

66 1341 187 1408 fabula
219 1341 338 1428 poscit,
375 1340 430 1408 vel
462 1328 638 1428 perbrevis
664 1333 719 1406 nel
750 1331 924 1426 aliquanto
957 1340 1093 1426 longior
1129 1342 1191 1406 est.

67 1447 188 1532 Neque
213 1469 344 1533 semper
361 1445 476 1514 eadem
492 1445 624 1511 ratione
646 1444 826 1512 incohatur
836 1469 842 1530 ;
869 1445 928 1512 sed
944 1444 1034 1533 apud
1049 1445 1191 1511 comicos

157 1554 219 1616 ant
241 1549 352 1617 altera
374 1571 529 1638 persona,
554 1587 597 1598 -
619 1549 709 1636 quod
727 1549 897 1637 plerisque
919 1548 1002 1616 locis
1026 1549 1066 1616 fit
1089 1553 1192 1637 atque

68 1654 108 1721 de
122 1655 253 1741 origine
270 1655 367 1720 huius
384 1655 514 1721 formae
538 1677 597 1720 nos
622 1654 877 1720 commonefacit
891 1691 941 1732 -‚
965 1677 1039 1720 cum
1054 1654 1110 1722 vel
1125 1677 1206 1750 non*
1271 1728 1274 1744 ,Ι

67 1763 160 1825 10010
184 1781 219 1826 50
241 1760 429 1847 percepisse
451 1761 608 1846 opinetur
624 1758 680 1824 vel
694 1781 761 1824 non
777 1759 905 1840 eredat,
928 1759 1051 1824 iterum
1074 1759 1191 1826 audire

70 1865 174 1951 cupit,
196 1863 280 1951 ¹quid
303 1864 413 1942 altera
436 1849 575 1932 dixerit
587 1881 669 1951 [Eun.
685 1885 744 1936 391.
765 1881 881 1948 Magnas
900 1899 964 1936 vero
985 1899 1067 1950 agere
1086 1883 1191 1951 gratias

68 1968 156 2022 Thais
173 1967 307 2021 0111110-
322 1968 453 2037 Ingentis.
468 2000 501 2009 —
514 1969 584 2023 Eun.
601 1974 660 2024 771.
680 1970 804 2024 Hancine
817 1987 867 2039 ego
880 1977 912 2024 ut
924 1973 1116 2025 contumeliam
1135 1980 1190 2024 tam

69 2058 204 2125 insignem
227 2058 256 2110 in
282 2074 324 2111 me
352 2059 493 2127 accipiam,
522 2059 650 2112 Gnatho?
670 2091 704 2098 -
723 2059 775 2112 Ad.
795 2063 856 2114 447.
885 2061 939 2114 Pro
968 2059 997 2113 di
1024 2061 1190 2116 immortales

67 2145 174 2200 facinus
194 2146 341 2216 indignum,
362 2148 443 2202 Geta!
465 2147 530 2216 quid
550 2149 773 2214 narrasl-—Sic
793 2155 834 2202 est
854 2148 965 2202 factum.
980 2150 1109 2211 -Poen
1129 2153 1190 2204 961.
1219 2146 1221 2150 ’
1283 2151 1286 2157 ‘

63 2236 120 2304 ,lin
142 2235 243 2288 turibi
263 2235 325 2290 dixe
345 2235 547 2304 Syncerastum,
568 2237 694 2305 Milphio,
721 2254 767 2292 eas
787 2254 847 2292 esse
866 2239 999 2306 ingenuas
1019 2239 1113 2293 ambas
1133 2255 1190 2292 snr-

67 2323 200 2392 rupticias
227 2325 490 2393 Carthaginienses?
512 2321 544 2365 -’-
564 2328 626 2380 Aio.
649 2369 654 2378 .
676 2369 681 2380 .
702 2368 707 2379 .
730 2358 763 2367 —
784 2327 963 2380 Circumtons.
983 2331 1024 2380 77.
1054 2325 1104 2380 Δᾶε
1129 2317 1189 2381 rol-

67 2415 138 2471 1άκις
159 2415 203 2482 μὲν
231 2415 281 2486 ἤδη
311 2415 373 2486 πρὸς
402 2415 596 2494 μ’ἀπήγγελκας]
619 2415 719 2486 λόγους.
737 2415 784 2468 οὐκ
813 2415 924 2487 ἀληθεῖς,
954 2417 1009 2469 ἀλλ’
1029 2411 1129 2479 ἀλαζὼν
1148 2419 1191 2482 καὶ

69 2501 160 2555 θεοῖσιν
181 2501 273 2574 ἐχθρὸς
292 2499 320 2556 el}
359 2501 389 2556 Et
410 2505 436 2556 δὲ
455 2506 498 2556 καὶ
517 2507 570 2558 νυνὶ
588 2495 683 2576 sloede
703 2525 734 2574 με
755 2547 760 2556 .
782 2546 787 2558 .
808 2546 814 2558 .
834 2535 868 2544 -·
888 2501 1023 2576 Κρέμασον
1044 2505 1126 2568 eos-54,
1146 2508 1189 2575 ἐμὲ

68 2592 155 2662 λαβὼν
174 2595 283 2663 τήμερον
304 2634 309 2645 .
331 2635 335 2645 .
358 2635 363 2645 .
401 2591 505 2646 Eodem
531 2593 608 2646 modo
635 2595 689 2648 loci
715 2593 800 2648 Andr.
828 2598 888 2660 301,
916 2593 1064 2649 Heautont.
1085 2599 1135 2648 247
1162 2601 1190 2648 01
1212 2613 1214 2618 ·

67 2684 129 2746 954,
150 2678 200 2734 Ad.
221 2685 281 2744 517,
310 2682 475 2736 Philemonis
495 2683 572 2735 Trin.
592 2685 652 2749 602,
677 2682 891 2751 Diphili‘Casiu.
913 2686 973 2749 353,
1001 2683 1071 2737 Rud.
1091 2687 1143 2738 839
1163 2690 1190 2738 01

69 2771 147 2836 1265,
166 2768 329 2837 Apollodori
348 2771 456 2824 Phorm.
477 2774 527 2824 231
549 2777 576 2825 et
595 2775 656 2838 315,
675 2771 773 2841 Heryr,
793 2774 855 2838 415,
875 2776 935 2840 451,
955 2775 1015 2838 841,
1034 2772 1191 2841 Demophili

67 2859 144 2912 Asin.
165 2859 226 2925 851,
246 2860 372 2928 anonymi
391 2859 464 2914 Men.
487 2862 559 2914 1050
574 2861 694 2914 instituti
719 2862 805 2930 sunt].

157 2952 218 3014 aut
245 2971 390 3035 persona
422 2949 532 3017 altera
564 2949 639 3038 ipsa
669 2951 798 3017 iniussa
826 2973 862 3018 se
894 2974 965 3017 rem
988 2951 1112 3020 dixisse
1129 2953 1189 3019 'vel

67 3040 197 3138 aliquid
220 3053 417 3119 narravisse
441 3055 523 3120 dicit
549 3073 650 3141 [Aulul.
665 3075 716 3126 120
730 3076 878 3138 0168255,
898 3073 1000 3127 Heaut.
1011 3073 1071 3141 616,
1086 3075 1189 3130 Cistell.

67 3158 129 3224 631,
150 3156 377 3225 0001522-24,
397 3159 509 3212 Poenul.
530 3161 582 3213 504
596 3161 672 3230 (547)
686 3164 787 3228 01578,
807 3161 1008 3226 Pseudolum,
1029 3163 1190 3231 Apollodori

67 3246 177 3300 Phorm.
206 3249 266 3311 348,
295 3249 422 3336 anonymi
446 3248 530 3314 apid.
553 3252 621 3312 104,
646 3251 772 3319 anonymi
799 3251 856 3303 Mil.
882 3255 933 3304 355
963 3260 991 3304 01
1019 3255 1080 3318 874,
1108 3268 1188 3306 anon.

67 3335 144 3388 Pers.
164 3335 238 3404 329]
820 3363 822 3369 ·

155 3431 216 3490 ant
247 3422 359 3516 altera
390 3445 534 3509 persona
567 3425 681 3513 aliquo
715 3425 812 3492 modo
847 3426 890 3494 ad
924 3427 1065 3494 alterius
1097 3415 1189 3494 dicta

74 3528 226 3614 respicit
265 3545 350 3614 [Sam.
370 3548 448 3599 6855.
469 3589 474 3599 .
497 3588 502 3600 .
523 3589 528 3599 .
550 3547 634 3605 ἱκανὸς
653 3549 699 3619 γὰρ
718 3549 739 3601 εἷ
757 3549 843 3601 λαλῶν
862 3551 1009 3617 κατακόψαι
1027 3553 1107 3602 πάντα
1128 3592 1133 3604 .
1155 3592 1160 3603 .
1181 3592 1187 3606 .

60 3661 100 3674 ·-
120 3633 206 3686 Andr.
226 3636 278 3688 459
303 3635 343 3687 ita
362 3634 409 3702 pol
428 3635 536 3702 quidem
555 3652 600 3691 res
619 3643 669 3704 est,
696 3643 727 3690 ut
746 3637 823 3705 dixti,
849 3638 964 3692 Lesbia:
989 3637 1095 3698 fidelem
1115 3639 1189 3693 haud

66 3723 154 3777 ferme
173 3723 289 3802 mulieri⁸
304 3723 427 3776 invenias
446 3725 541 3778 virum.
561 3757 596 3766 -
616 3725 666 3778 Ad.
687 3729 746 3779 592.
775 3727 835 3794 Ego
855 3727 1002 3780 inhaere
1022 3729 1059 3781 nil
1078 3730 1187 3796 reperio

67 3827 150 3879 quam
169 3812 203 3864 ob
222 3827 280 3866 rem
299 3813 397 3866 lauder
415 3820 493 3868 tanto
514 3831 605 3883 opere,
624 3816 721 3883 Hegio.
743 3846 776 3855 —
796 3815 831 3870 cf.
851 3817 1016 3870 Philemonis
1030 3819 1113 3872 Mero.
1127 3822 1188 3886 957,

66 3902 143 3955 Trin.
174 3905 225 3954 729
254 3909 281 3956 01
312 3906 388 3969 1125,
417 3903 523 3970 Diphili
550 3903 642 3960 Vidul.
668 3924 691 3958 v.
713 3909 754 3972 69,
781 3906 917 3974 Amphitr.
948 3910 1008 3973 550,
1029 3908 1106 3976 Capt.
1137 3911 1188 3961 922

65 3993 152 4060 (929),
172 3991 253 4059 Epid.
277 3995 334 4058 166,
356 3992 466 4046 Trucul.
487 3995 537 4046 775
550 3994 591 4062 ¹).]

159 4207 185 4272 1)
203 4205 246 4259 De
264 4207 316 4261 hoc
344 4224 443 4274 genere
471 4209 645 4277 repetitionis
674 4226 807 4277 persaepe
836 4227 868 4264 ea
896 4211 1009 4266 exordia
1028 4225 1188 4267 scaenarum

64 4293 320 4362 commonefaciunt,
340 4297 368 4349 in
389 4298 487 4364 quibus
506 4314 625 4366 persona
645 4299 738 4366 aliqua
750 4299 813 4353 dum
833 4300 889 4353 exit
908 4301 1045 4355 introrsus
1064 4301 1188 4370 loquitur

65 4391 151 4452 atque
170 4383 205 4437 ad
224 4385 307 4439 verba
327 4402 462 4454 personae
480 4388 554 4441 intus
575 4390 711 4442 manentis
731 4389 853 4457 respicit,
874 4406 896 4443 0.
916 4407 955 4458 gr.
969 4391 1068 4444 Bacch.
1091 4395 1140 4445 178
1160 4398 1188 4446 01
