3098 5204
640 435 700 520 aa

101 625 263 714 'gationes
285 627 381 694 chori
402 628 439 693 in
461 627 589 700 Alcest.
613 651 645 694 v.
663 627 704 693 77
718 650 760 712 ss.
786 628 869 694 satis
892 649 1011 695 causac
1034 650 1106 696 esse
1129 631 1227 716 puta

102 735 200 800 bant.
252 732 367 800 Etiam
398 722 436 798 iri·
464 732 631 820 prioribus
661 732 836 821 Euripidis
867 732 993 802 fabulis
1025 731 1140 800 eadem
1171 733 1227 804 lex

103 837 212 920 valet,
237 844 272 903 et
295 837 331 903 in
345 837 587 924 Aristophanis
610 837 736 905 fabulis
760 860 901 924 semper,
925 860 984 905 cur
1006 838 1127 904 chorus
1150 860 1243 924 pror

103 942 197 1022 doat,
221 941 355 1009 dieitur.
400 942 532 1007 Primus
559 942 669 1009 tribus
693 943 781 1030 quod
805 942 996 1010 noverimus
1020 943 1102 1008 locis
1126 942 1226 1008 Euri-

102 1045 211 1134 pidae,
228 1046 286 1133 qui
301 1045 588 1113 chorumomnino
604 1049 646 1113 ab
662 1045 794 1114 actione
810 1046 948 1113 fabulae
965 1045 1079 1126 solvit,
1096 1045 1226 1112 aditum

103 1151 202 1218 chori
223 1173 291 1217 non
314 1150 380 1218 iam
403 1154 560 1218 accurate
583 1152 729 1238 probare
752 1171 853 1216 ausus
878 1154 941 1218 est.

195 1253 324 1322 Chorus
347 1255 434 1322 enim
451 1255 717 1338 Phoenissamm,
742 1279 802 1322 our
820 1253 944 1322 Thebis
969 1255 1024 1336 sit,
1047 1255 1119 1341 ipse
1143 1253 1227 1322 dicit
1251 1294 1254 1300 -

104 1383 139 1424 v.
163 1361 281 1428 reuss.
296 1360 329 1445 ¹),
365 1359 423 1426 sed
454 1381 521 1447 qua
550 1383 586 1426 re
618 1361 769 1448 virgines
802 1363 1085 1440 commoveantun
1120 1361 1160 1424 ut
1191 1359 1227 1424 in

105 1487 261 1532 scaenam
284 1464 433 1547 veniant,
458 1486 577 1552 parum
598 1464 822 1551 intellegitur.
864 1463 866 1467 ’

194 1569 284 1636 Item
314 1569 349 1634 in
380 1569 498 1636 fabula
527 1569 674 1636 eiusdem
704 1569 866 1655 temporis
888 1568 1085 1656 Hypsipyle
1115 1567 1227 1635 aditus

105 1674 202 1741 chori
232 1697 298 1740 non
329 1677 506 1762 probatur,
539 1673 627 1761 quod
658 1672 843 1760 fragmenti
873 1695 980 1760 nuper
1003 1671 1228 1760 Oxyrhynchi

104 1778 236 1865 reperti
260 1781 279 1844 1
303 1778 363 1845 col.
388 1779 408 1843 ⁶2
432 1801 548 1845 versus
572 1780 613 1845 15
626 1799 668 1845 ss.
692 1777 829 1862 docent;
855 1779 973 1844 chorus
998 1779 1085 1844 enim
1100 1777 1227 1866 Hypsi-

105 1882 232 2001 pylam,
257 1886 417 1950 curante
440 1882 539 1950 aedes
563 1883 618 1965 sit,
642 1884 842 1968 interrogat,
868 1884 940 1969 ipse
963 1904 1023 1949 cur
1046 1882 1137 1949 adsit
1160 1904 1228 1948 non

106 1989 201 2054 dicit.
975 2039 977 2049 .

195 2093 315 2179 Aequo
338 2091 434 2157 m'odo
458 2095 562 2178 atque
584 2091 620 2157 in
634 2090 830 2171 Phoenissis,
843 2091 963 2158 chorus
980 2093 1151 2158 tractatus
1174 2093 1227 2156 est

105 2198 145 2263 in
155 2195 232 2284 lph.
249 2196 340 2279 Aul,
363 2197 399 2262 in
417 2197 510 2262 cuius
525 2196 661 2263 fabulae
676 2218 764 2263 vers.
784 2197 846 2260 164
856 2218 897 2261 ss.
920 2196 1079 2262 mulieres
1097 2194 1226 2262 Chalci-

104 2302 228 2368 denses
244 2324 280 2368 se
296 2302 453 2368 Aulidem
469 2301 609 2382 venisse,
625 2305 665 2367 ut
680 2300 821 2367 classem
834 2300 1043 2368 Achivorum
1058 2299 1225 2381 viderent,

102 2408 201 2494 ipsae
221 2407 434 2494 profitentur,
458 2406 516 2472 sed
539 2428 605 2472 non
629 2406 807 2492 explicant,
833 2406 890 2492 qui
912 2405 983 2487 fiat,
1008 2408 1046 2471 ut
1069 2406 1131 2471 hoc
1152 2405 1226 2490 ipso

105 2514 191 2578 ante
205 2511 466 2597 Agamemnonis
481 2509 736 2586 tabernaculum
759 2510 831 2576 loco
846 2509 1022 2598 prodeant.
1061 2510 1228 2577 Personas

105 2620 224 2683 autem
247 2617 275 2682 si
296 2617 333 2684 in
355 2638 507 2684 scaenam
528 2616 661 2682 inducit
681 2637 824 2703 peregre
847 2615 1021 2682 venientes
1051 2618 1162 2701 poeta,
1193 2618 1229 2681 et

105 2717 170 2788 cnr
201 2721 237 2787 in
260 2721 344 2788 hanc
375 2723 491 2788 urbem
514 2721 653 2789 veniant
685 2724 721 2788 et
751 2743 812 2786 cur
844 2720 905 2788 hoc
935 2718 1009 2788 loco
1032 2719 1227 2806 procedant,

106 2830 266 2892 accurate
288 2825 436 2894 indicare
458 2850 526 2894 non
548 2827 709 2913 neglegit.
813 2819 817 2824 ¹

162 2950 164 2957 ·
197 2931 319 3020 Itaque
345 2931 542 3018 Euripidem
563 2931 598 2997 in
622 2931 750 2998 ultimis
777 2953 858 3018 quas
881 2929 1081 3017 conscripsit
1103 2927 1227 2996 fabulis

106 3057 244 3102 causam
265 3036 379 3103 aditus
402 3035 496 3102 chori
510 3035 746 3122 neglegentius
762 3035 968 3104 tractavisse
991 3035 1026 3100 in
1048 3033 1228 3120 propatulo

107 3145 174 3208 est.
212 3142 314 3228 Apud
330 3142 470 3208 comicos
493 3163 586 3224 vero,
611 3145 773 3228 quantum
796 3163 856 3206 nos
880 3140 1011 3218 scimus,
1035 3137 1130 3204 nulla
1152 3137 1229 3204 ade·

106 3246 191 3312 undi
220 3247 287 3312 iam
317 3250 432 3314 exstat
454 3266 570 3329 causa;
603 3266 679 3312 nam
703 3245 824 3312 chorus
848 3249 1003 3310 constare
1026 3242 1165 3310 videtur
1188 3265 1229 3308 ex

107 3374 216 3438 grege
247 3353 405 3418 iuvenum
435 3358 603 3438 potorum,
632 3343 695 3437 ¹qui
726 3353 855 3416 temere
886 3351 1052 3433 vagantes
1085 3369 1164 3412 casu
1194 3346 1230 3413 in

108 3478 263 3523 scaenam
294 3457 431 3523 irruunt
464 3455 518 3543 (ef.
549 3454 704 3522 Alexidis
737 3455 780 3521 fr.
805 3455 885 3536 107,
921 3453 1144 3520 Circumtons.
1175 3453 1228 3534 71,

107 3563 230 3648 fragm.
248 3561 272 3629 J
274 3561 438 3630 erustedt.
461 3585 493 3627 v.
511 3560 574 3647 34),
598 3560 634 3626 id
657 3564 725 3627 est:
750 3558 867 3626 comici
889 3558 1041 3625 rationes
1056 3556 1229 3643 Euripidis

110 3670 147 3734 et
171 3689 292 3749 eorum,
324 3665 382 3754 qui
405 3689 478 3732 eum
502 3665 609 3732 secuti
632 3668 719 3748 sunt,
748 3663 876 3730 imitati
899 3663 1036 3730 chorum
1058 3661 1115 3729 vel
1135 3660 1229 3727 nullo

203 3873 230 3938 1)
248 3870 433 3923 Weckleinius
463 3867 499 3922 ad
518 3870 590 3921 hunc
608 3883 716 3922 versum
734 3865 863 3920 adnotat:
905 3865 977 3932 „Der
996 3864 1069 3918 Cher
1094 3863 1231 3917 motiviert

111 3960 170 4015 scin
189 3959 344 4024 Auftreten,
363 3957 453 4013 indem
472 3957 517 4011 die
529 3955 711 4025 Jungfrauou,
730 3954 777 4009 fiir
795 3955 848 4008 dan
865 3952 1070 4021 Tempeldieust
1088 3954 1116 4007 in
1130 3953 1231 4021 Delphi

111 4055 192 4104 untcr
218 4047 270 4102 den
298 4049 445 4102 schonsten
470 4044 642 4114 Jungfraucn
669 4045 717 4099 des
742 4043 851 4098 Laudes
879 4042 1051 4109 ausedescn,
1080 4041 1230 4108 herichten,

111 4140 162 4192 wie
181 4139 220 4192 sie
240 4137 290 4191 auf
307 4136 368 4190 dem
380 4137 469 4204 Wege
487 4136 556 4190 nach
576 4135 677 4208 Delphi
695 4136 722 4188 in
742 4132 791 4187 das
811 4130 1066 4186 stammvcrwandte
1084 4130 1163 4184 Land
1182 4130 1231 4184 der

111 4229 247 4297 Kadmeor
273 4227 431 4294 gekommen
458 4224 545 4278 sind“.
584 4228 620 4276 At
639 4242 662 4276 v.
683 4222 707 4277 d.
727 4239 823 4292 parum
843 4221 985 4290 perspexit
1010 4220 1050 4274 ita
1078 4219 1106 4272 id
1134 4219 1229 4285 solum,

112 4316 186 4388 quod
205 4317 303 4371 chorus
322 4314 376 4369 iam
395 4314 500 4381 aliquot
520 4313 577 4368 dies
594 4313 695 4367 Thebis
715 4318 764 4378 est,
785 4310 926 4379 explicari,
944 4325 998 4364 uon
1018 4308 1091 4377 quod
1109 4309 1137 4361 in
1157 4323 1230 4362 scae-

110 4425 175 4463 nam
192 4405 353 4476 ingreditur.

317 4687 329 4734 t
