3098 5204
87 611 176 694 nuli,
215 597 299 698 quae
336 612 380 678 ad
415 609 582 680 Graecam
625 607 776 679 fabulam
812 611 1021 698 Καρχηδόνιον
1063 612 1216 680 refertur

86 715 158 819 (ΙΙ,
183 715 245 799 IV
272 713 369 782 1-v
372 717 439 802 „4)
464 716 646 790 Menandro
665 717 885 784 attribuenda
901 722 969 796 ΙΙΙ;
994 717 1117 811 etenim
1133 739 1215 784 cum

87 823 141 886 ΙΙ
137 811 372 888 Menandrum
402 823 438 888 ΙΙ
467 820 646 887 Alexidem
670 807 879 908 Καρχηδόνιὸν
910 820 1084 897 fabulas
1073 821 1216 928 mserip·
1236 836 1238 839 ’
1270 829 1291 879 Γ

89 926 178 992 ΙΙΙΙΙ
201 929 319 991 notum
342 925 398 1006 ΙΙΙ,
423 925 646 994 Geffclrenum
664 925 714 1014 (p
731 929 761 1008 5,
785 927 899 993 adnot.
925 927 958 1014 1)
980 949 1076 994 nemo
1098 948 1215 1012 repre-

88 1029 220 1098 hendet
243 1029 408 1098 dicentem
439 1035 552 1098 artem
576 1017 711 1097 'morum
733 1030 1041 1098 describendorum.
1057 1030 1232 1098 subtilem

88 1134 312 1202 Menandrum
336 1157 463 1222 sapere.
511 1117 671 1202 Pseudoli
693 1157 824 1224 quoque
847 1157 926 1223 pars
942 1135 1146 1203 Menandrea
1167 1136 1215 1202 vi·

90 1239 194 1308 detur
217 1261 304 1330 esse;
329 1225 473 1328 guodam
497 1239 585 1308 enim
608 1239 881 1307 locoMenandri
896 1241 1089 1308 Thesaurus
1113 1241 1215 1325 signi·

90 1345 225 1430 fleatur,
259 1351 345 1433 quae
380 1348 484 1413 verba
519 1367 593 1411 oum
627 1367 694 1433 non
727 1349 852 1424 contra,
870 1348 1018 1456 'poetam
1050 1343 1217 1412 Thesauri

89 1457 255 1537 pugnent,
279 1448 426 1516 Leonem
442 1449 526 1516 satis
542 1449 618 1516 veri
637 1449 743 1516 simili
753 1450 885 1516 ratione
907 1451 1003 1516 usum
1026 1471 1099 1516 esse
1121 1452 1214 1537 puto,

87 1577 168 1620 cum
189 1553 276 1620 hanc
294 1557 427 1642 partem
443 1553 580 1630 fabulae
597 1549 846 1672 contaminatae
862 1576 882 1619 a
897 1553 1083 1621 Menandro
1107 1549 1216 1630 ortam
1251 1559 1253 1564 '

92 1680 177 1724 esse
191 1649 331 1725 diceret.

168 1761 362 1829 Terentius
393 1765 507 1829 autem
537 1741 702 1850 quattuor
731 1715 865 1830 fabulas
889 1762 1110 1829 Menandreae
1140 1784 1216 1829 con-

86 1857 215 1949 uertit,
238 1857 415 1949 Andriam,
439 1867 856 1948 Heautontimorumenon,
882 1865 1087 1950 Eunuchum,
1111 1865 1216 1933 Adel

92 1971 190 2060 phoa.
213 2002 215 2006 ·
236 1971 384 2054 Quarum
408 1975 490 2054 trae,
513 1971 688 2052 Andriam,
712 1971 918 2052 Eunuchum,
943 1970 1117 2058 Adelphos
1141 1993 1216 2037 eon·

94 2076 280 2144 taminatus
304 2087 376 2143 esse
403 2076 582 2143 Terentius
605 2077 684 2164 ipse
701 2075 898 2158 confitetur,
924 2079 1055 2159 etcum
1084 2074 1217 2142 Andria

94 2180 294 2249 Perinthiae
310 2180 535 2249 Menandreae
559 2180 721 2268 quasdam
743 2185 860 2268 partes
884 2166 1101 2255 coniunxit,⁸
1091 2203 1125 2244 m
1148 2180 1216 2245 Eu-

94 2285 239 2352 nuchum
261 2307 432 2373 personas
462 2285 582 2351 militis
607 2289 644 2354 ΙΙ
666 2285 811 2386 parasiti
833 2307 874 2351 ex
897 2284 1021 2352 Colace
1041 2284 1218 2352 Menandri

95 2389 320 2471 transtulit,
310 2413 346 2455 m
368 2388 534 2478 Adelphis
557 2411 598 2456 ea
621 2411 713 2480 pars,
742 2410 811 2476 qua
832 2383 947 2475 raptio
970 2388 1191 2464 meretricis
1181 2410 1216 2453 in

97 2516 217 2561 scaena
241 2494 367 2582 agitur,
401 2515 443 2562 ex
474 2493 606 2582 Diphili
630 2493 932 2560 Commorientibus
956 2492 1097 2560 oriunda
1120 2492 1216 2577 ΙΙΙ)
1282 2519 1283 2524 ¹

186 2687 289 2740 Eadem
310 2703 356 2742 ars
376 2688 404 2742 iu
425 2687 486 2758 Aul.
506 2707 529 2744 v.
549 2690 647 2761 398ss.
668 2686 829 2742 adhibetur:

188 2780 210 2830 1.
236 2777 302 2848 Post
321 2777 463 2832 Euclionis
482 2757 632 2831 discessum
652 2778 728 2847 (397)
749 2792 782 2830 ex
810 2777 924 2838 aedibus
944 2775 1093 2862 Megadori
1113 2790 1215 2842 coquus

96 2865 153 2919 exit
182 2871 264 2932 atque
293 2867 430 2920 introrsus
459 2867 552 2935 pueris
581 2867 719 2934 imperans
748 2867 800 2920 sibi
828 2866 1000 2953 propositum
1027 2880 1087 2919 esse
1115 2853 1218 2918 dicitu

97 2955 250 3022 Congrione
269 2961 456 3024 artoptamt
425 2955 555 3010 utendam
576 2962 685 3024 petere3
1140 2967 1144 2972 “

187 3047 211 3098 2.
235 3043 284 3098 sed
303 3060 363 3098 cum
381 3045 409 3096 in
429 3045 541 3098 aedibus
560 3044 702 3098 Euclionis
715 3044 825 3098 elamor
852 3044 973 3110 oriatur,
994 3042 1103 3097 domum
1122 3058 1217 3096 rursus

98 3133 183 3202 legit,

186 3225 211 3276 3.
236 3228 319 3288 atque
339 3221 457 3290 Congrio
477 3221 589 3290 fugatus
609 3228 636 3276 ΙΙ
655 3221 753 3275 ΕΙΙΙΙΙ
772 3235 940 3290 persequens
960 3219 1145 3290 egrediuntur.

187 3314 211 3380 4.
235 3310 287 3364 Hic
307 3326 413 3380 quoque
432 3316 492 3364 tota
511 3326 610 3364 scaena
629 3315 712 3378 poeta
736 3317 844 3376 tempus
863 3311 936 3363 inter
955 3309 1094 3362 Euclionis
1114 3309 1219 3364 abitum

99 3409 126 3454 et
145 3398 262 3470 reditum
276 3415 435 3454 consumere
454 3399 547 3466 aliquo
566 3399 646 3453 modo
666 3398 765 3454 studet.
780 3429 812 3438 -
828 3399 863 3452 Hi
881 3399 935 3452 loci
954 3405 1010 3452 tam
1030 3397 1131 3452 similes
1145 3404 1217 3462 sunt,

22 3539 23 3542 ,
99 3496 130 3542 ΙΙ
149 3505 204 3555 ΙΙΙ,
224 3489 331 3542 etiamsi
350 3487 459 3542 fabulas
472 3503 559 3542 novae
579 3487 734 3542 comoediae
747 3503 830 3556 saepe
842 3488 917 3542 locos
929 3487 1050 3555 geminos
1071 3492 1099 3540 ΙΙ
1117 3487 1218 3540 similes

101 3567 256 3632 exhibuisse
275 3584 391 3644 constat,
410 3583 502 3631 tamen
522 3576 690 3632 diversorum
710 3584 854 3645 poetarum
873 3592 933 3632 esse
952 3577 998 3628 vix
1017 3573 1133 3628 credam.

180 3669 215 3735 A)
235 3667 563 3722 Heautontimorumeuon
592 3666 715 3720 fabulam
735 3667 893 3720 Terentium
920 3664 1148 3718 contaminavisse
1168 3664 1218 3717 Ve-

100 3755 243 3824 nedigerus
270 3755 382 3824 (Annal.
405 3755 574 3810 Fleckeisen.
597 3759 664 3810 1874
690 3772 717 3824 p.
737 3757 800 3824 129)
823 3763 879 3809 tam
908 3760 1010 3809 temere
1038 3754 1218 3807 ratiocinatus

101 3844 243 3918 ostendere
261 3843 399 3911 studebat,
427 3850 457 3897 ut
488 3845 585 3898 inutile
605 3845 640 3898 sit
661 3846 719 3899 eius
740 3845 894 3913 opinionem
913 3843 1088 3910 redarguere.
1127 3843 1219 3896 Etiam

101 3935 145 3989 Fr.
165 3933 327 3987 Skutschius
347 3933 456 4004 (Philol.
470 3937 513 4000 59,
527 3937 552 4000 l)
573 3935 642 3988 hanc
662 3934 784 3988 fabulam
804 3933 1017 3988 contaminatam
1037 3947 1097 3985 esse
1116 3929 1219 3984 iudicat

101 4029 213 4092 propter
232 4039 340 4076 versum
359 4028 564 4077 controversum
583 4022 691 4091 prologi
710 4026 740 4089 63
763 4039 833 4088 quae
847 4022 931 4075 verba
944 4021 1043 4074 vertit:
1063 4020 1120 4073 Das
1134 4020 1219 4073 Stiick

101 4113 137 4166 ist
154 4127 203 4166 aus
222 4113 309 4166 cinam
323 4109 467 4166 einfachen
487 4129 521 4165 zu
540 4113 627 4166 einem
641 4111 789 4180 doppelten
809 4111 960 4179 gemacht“.
998 4108 1076 4176 Quod
1095 4109 1119 4162 si
1138 4116 1220 4177 poeta

101 4201 189 4254 dicere
209 4201 348 4268 voluisset,
368 4217 474 4254 versum
494 4201 532 4254 sic
552 4201 643 4269 potius
657 4195 871 4254 conformasset:
894 4199 987 4268 „Quae
1006 4215 1039 4252 ex
1059 4203 1219 4266 argumento

102 4290 217 4358 simplici
236 4289 311 4343 facta
330 4297 373 4342 est
392 4287 518 4356 duplex“.
558 4289 654 4356 ltaque
673 4289 792 4356 Leonem
812 4289 903 4357 (Anal.
919 4289 1006 4341 Plaut.
1026 4286 1067 4340 De
1081 4285 1124 4354 fig.
1139 4301 1217 4339 serm.

102 4379 136 4444 Il,
157 4379 203 4447 20)
223 4384 333 4432 secutus
353 4378 512 4432 Terentium
531 4378 612 4444 idem,
638 4376 710 4444 quod
739 4393 819 4430 uersu
838 4376 912 4442 dicit,
941 4376 1049 4444 planius
1068 4375 1110 4428 his
1130 4376 1220 4429 verbis
