3098 5204
787 525 790 532 ,
889 450 932 516 22
987 411 1020 486 ἰ

436 627 533 694 Hanc
561 626 705 695 formam
732 625 937 701 infirmatam
967 624 1003 690 in
1032 646 1122 692 nova
1145 623 1314 692 comoedia
1335 623 1469 710 ¹saepius

234 743 238 749 '
348 737 450 820 quam
473 732 616 808 formam
630 731 798 817 tragicam
813 732 1012 819 usurpatam
1036 751 1109 796 esse
1124 732 1385 796 consentaneum
1407 731 1469 794 est.

349 837 402 904 Ea
431 835 542 906 forma
572 835 712 920 comma,
751 834 844 904 cuius
879 856 980 923 sonus
1016 833 1105 923 apud
1133 832 1402 920 Aristophanem
1433 838 1470 898 ut

348 941 401 1015 ita
431 940 539 1026 dicam
569 962 676 1030 paene
708 939 861 1009 scurrilis
892 948 953 1021 est,
989 961 1055 1012 non
1083 938 1188 1006 nullis
1218 937 1301 1006 locis
1324 937 1470 1006 motione

299 1133 301 1138 .
349 1048 541 1134 affectuque
564 1045 667 1112 animi
698 1045 831 1134 tragico
861 1043 1034 1136 impletur,
1067 1066 1133 1132 qua
1164 1043 1308 1114 omnium
1332 1065 1470 1110 commo·

349 1155 474 1230 ventur
508 1151 626 1236 animi;
665 1151 746 1218 talis
770 1155 835 1236 ,est
867 1150 960 1226 locus
993 1151 1144 1238 Discept.
1177 1174 1209 1216 v.
1232 1145 1372 1232 487ss.‚
1407 1171 1470 1236 quo

351 1256 526 1330 Charisius
556 1256 735 1344 egreditur
764 1255 800 1322 in
829 1276 982 1322 scaenam
1004 1257 1111 1322 verba
1141 1276 1250 1323 secum
1271 1253 1420 1342 loquens,
1455 1278 1470 1320 e

347 1363 471 1448 quibus
494 1362 637 1430 maxime
660 1385 735 1434 eum
756 1361 968 1450 paenitentia
990 1360 1142 1448 torqueri
1165 1362 1318 1448 apparet·
1357 1359 1470 1425 Etiam

350 1465 465 1534 verbis
489 1465 647 1532 sollicitis
669 1469 706 1533 et
727 1466 836 1534 anxiis
861 1464 991 1534 Cliniae
1021 1464 1271 1551 (Heautontimr
1288 1464 1365 1550 230)
1387 1463 1470 1530 nihil

355 1571 455 1653 inest,
479 1570 569 1657 quod
591 1571 695 1650 risum
717 1557 863 1638 mo'veat.

400 1701 402 1706 ’
438 1683 549 1770 Magis
567 1685 724 1752 uomicam
746 1684 851 1752 habet
873 1683 942 1751 vim
964 1682 1061 1755 πάθος
1083 1681 1169 1748 illud
1184 1682 1415 1770 paenitentiae
1438 1684 1470 1748 in

354 1787 476 1856 Bacch
501 1789 564 1854 612
575 1811 628 1870 ss,
662 1811 727 1876 quo
751 1787 824 1855 loco
848 1787 1073 1854 Mnesilochus
1097 1786 1169 1854 exit
1191 1794 1350 1868 maestus
1383 1787 1470 1875 quod

223 1911 225 1915 ·
348 1891 531 1960 Pistocleri
552 1891 652 1959 amici
674 1899 745 1961 tam
760 1914 881 1980 parum
896 1893 1097 1979 cognoverit
1112 1891 1257 1958 animum
1273 1931 1315 1940 -
1331 1895 1368 1958 et
1383 1891 1470 1979 quod

348 2018 468 2064 aurum
492 1984 585 2084 patri
608 1995 796 2077 reddiderit
819 2019 923 2064 omne.

435 2111 477 2184 ln
498 2109 587 2178 hunc
608 2111 741 2180 modum
769 2134 838 2180 non
860 2132 1052 2198 numquam¹
1065 2111 1101 2176 in
1124 2132 1244 2196 magno
1267 2109 1468 2189 discrimine,

340 2215 438 2302 wquod
458 2215 603 2288 interest
624 2215 717 2282 iuter
732 2236 948 2301 personarum
971 2214 1263 2301 perturbationem
1287 2217 1323 2282 et
1338 2236 1470 2284 causam

346 2341 416 2406 qua
439 2324 621 2406 tantopere
644 2323 904 2401 commoventur,
935 2319 987 2388 vis
1011 2319 1136 2386 comica
1151 2319 1270 2406 ¹posita
1293 2322 1354 2400 est,
1386 2341 1469 2407 quae

346 2424 536 2492 necessario
558 2423 768 2496 audientium
792 2424 881 2492 risus
904 2425 1050 2493 excitat:

305 2603 307 2608 Α
434 2537 477 2604 In
499 2537 650 2630 Discept.
675 2537 738 2602 165
772 2561 892 2604 servus
916 2537 1064 2604 Charisii
1086 2537 1261 2605 Onesimus
1293 2538 1328 2603 in
1352 2559 1470 2604 scaena

346 2641 570 2728 conspicitum
610 2641 779 2729 queritur,
815 2643 903 2730 quod
935 2665 1059 2730 coquus
1091 2643 1184 2709 intus
1214 2645 1286 2708 tam
1319 2642 1469 2733 segniter

349 2770 431 2835 opus
454 2769 550 2812 suum
572 2746 736 2813 conficiat.

435 2859 540 2927 initio
564 2865 659 2927 actus
681 2860 891 2948 insequentis
913 2864 958 2945 (v.
982 2861 1059 2948 202)
1086 2861 1176 2927 idam
1198 2883 1308 2928 secum
1330 2859 1469 2948 loquens

349 2985 384 3030 se
406 2962 592 3031 identidem
614 2965 751 3030 anulum
775 2964 951 3050 aSy-risco
973 2973 1147 3054 acceptum
1164 2964 1316 3032 Charisio
1338 2964 1469 3032 demon·

348 3071 538 3136 straturum
560 3068 675 3150 fuisse,
699 3068 759 3136 scd
781 3069 866 3140 nihil
887 3069 1071 3156 profecisse
1094 3074 1224 3139 narrat.

347 3221 353 3230 ·
435 3190 479 3257 In
501 3214 534 3257 v.
550 3191 615 3256 384
635 3189 769 3279 aliquis
794 3231 836 3240 -
859 3196 942 3283 puto
967 3214 1042 3262 eum
1065 3215 1204 3280 coquum
1229 3213 1312 3274 esse,
1331 3193 1461 3260 -exit

348 3296 406 3383 qui
432 3297 563 3360 ποικίλον
588 3295 726 3382 otmarus,¹
740 3298 829 3384 quod
851 3297 944 3365 intus
969 3298 1025 3380 sit,
1049 3297 1268 3364 lamentatur.

433 3419 475 3485 In
499 3442 530 3485 v.
553 3419 617 3484 432
640 3421 855 3506 Abrotonum
877 3419 994 3506 prodit
1017 3418 1165 3487 sollicita
1189 3423 1224 3486 et
1247 3419 1369 3502 dubia,¹
1390 3419 1471 3506 quid

347 3521 463 3614 faciat,
496 3523 585 3610 quod
607 3522 719 3590 infans
743 3525 863 3590 misere
886 3525 955 3606 flet,
985 3546 1094 3612 neque
1118 3524 1191 3607 scit,
1222 3547 1287 3612 quo
1310 3524 1398 3591 malo
1423 3525 1470 3591 la-

347 3628 455 3694 boret.

436 3740 545 3806 Andr.
557 3741 630 3806 175.
653 3739 771 3808 Davus
793 3740 890 3808 domo
914 3741 985 3809 exit
1007 3743 1235 3829 perturbatus,
1265 3781 1301 3790 -
1323 3742 1471 3830 imagine

349 3843 471 3911 codicis
487 3845 581 3912 Leid.
605 3845 765 3913 Vossiani
781 3846 865 3912 3817
889 3845 1006 3913 Davus
1028 3849 1248 3935 perturbatus
1273 3851 1308 3913 et
1330 3846 1472 3914 brachia

347 3949 478 4032 iactans
502 3949 698 4037 depingitur
723 3949 777 4037 (cf.
802 3949 916 4016 Bethii
935 3950 985 4017 ed.
1003 3951 1088 4017 1903
1110 3950 1270 4036 Lugduni
1291 3975 1324 4038 p.
1339 3951 1471 4038 XLIX)

349 4092 391 4101 —
413 4049 506 4140 'quod
527 4053 668 4142 nuptiae
690 4053 859 4156 Pamphili
881 4058 954 4122 tam
976 4055 1087 4122 subito
1112 4058 1328 4142 apparentur.

285 4251 287 4256 ,
435 4175 509 4242 Hae
531 4198 695 4263 personae
717 4214 761 4226 -
785 4177 857 4244 fere
880 4177 1013 4246 infimae
1046 4178 1205 4244 sortis-
1221 4178 1353 4245 casibus
1376 4179 1472 4246 vitae

347 4301 431 4348 suae
447 4279 639 4347 cotidianae
653 4281 809 4348 inanibus
825 4285 953 4348 temere
969 4281 1197 4368 concitantur5
1221 4284 1257 4348 in
1274 4283 1326 4350 his
1342 4285 1474 4350 scaenis

348 4384 437 4451 idem
459 4384 630 4471 ingenium
654 4385 742 4473 quod
765 4385 800 4452 in
822 4385 884 4454 illa
906 4385 1053 4453 Nubium
1077 4408 1198 4454 scaena
1221 4387 1338 4474 spirat.
