3098 5204
829 431 832 438 ’
872 461 928 556 34,

330 637 482 703 scaenica
505 638 559 702 est
581 634 677 703 haec:
706 633 936 723 „Hippolytus
961 640 1073 704 stiirzt
1089 659 1149 704 ans
1166 637 1226 704 der
1243 638 1456 720 Palasttiire

329 742 444 808 hinter
481 740 549 806 ihm
587 739 641 806 die
678 739 934 820 Kammerfrau,
974 741 1029 807 die
1066 741 1124 808 ihn
1162 741 1456 810 zuriickzuhalten

496 849 509 880 ίί

329 846 491 1016 Versufldd
511 895 685 1036 Pluripidis
715 931 891 1016 inventum
915 949 1095 1037 Sophocles
1119 951 1154 1016 iu
1178 949 1371 1018 Philoctete
1394 952 1453 1018 ad·

236 1097 237 1100 =
328 1052 455 1120 hibuit:
479 1055 521 1120 In
544 1079 575 1121 v.
593 1054 679 1119 enim
704 1054 788 1119 1222
803 1053 920 1121 Ulixes
938 1057 974 1120 et
990 1053 1231 1143 Neoptolemus
1247 1056 1283 1122 in
1299 1077 1456 1122 scaenam

230 1209 232 1213 .
328 1160 477 1242 irruunt,
510 1158 601 1224 alter
624 1180 738 1225 arcum
760 1157 974 1226 Philoctetae
998 1158 1206 1242 redditurus,
1239 1159 1394 1227 alterne
1418 1161 1455 1226 id

327 1264 389 1330 fiat
423 1259 658 1350 impediturus
713 1262 832 1330 Ulixes
865 1263 901 1329 in
932 1264 1005 1349 ipsa
1038 1266 1159 1330 scaena
1192 1265 1454 1353 Neoptolemum

328 1369 529 1455 assequitur.
581 1367 679 1449 Quod
713 1389 854 1434 scaenae
889 1368 1062 1436 exordium
1096 1390 1116 1434 a
1149 1391 1242 1436 more
1277 1367 1453 1456 Sophoclis

207 1467 209 1470 ’
238 1485 240 1487 ’
327 1473 457 1539 usitato
481 1471 667 1538 abhorrere
699 1471 881 1538 scholiasta
914 1472 1040 1560 aliquis
1061 1477 1152 1540 recte
1177 1473 1293 1553 sensit,
1327 1475 1384 1561 qui
1409 1474 1454 1539 ad

327 1601 357 1644 v.
385 1578 469 1643 1218
492 1577 654 1644 adnotat:
688 1579 824 1641 ἐντεῦθεν
856 1577 977 1642 διπλοῦν
1007 1580 1070 1641 ἐστι
1099 1577 1132 1641 τὸ
1156 1581 1332 1644 ἐπεισόδιον.
1377 1581 1453 1646 Hoc

327 1682 487 1752 scholium
514 1703 571 1766 „eo
596 1685 770 1775 spectare“
795 1680 1007 1748 Hermannus
1032 1681 1087 1765 (ad
1108 1707 1140 1765 v.
1159 1684 1256 1767 1219)
1280 1684 1451 1769 cognovi-t,

330 1787 437 1874 ⁷‚quod
460 1787 495 1852 in
517 1786 580 1852 hac
610 1808 730 1852 scaena
760 1809 837 1869 non,
871 1790 910 1852 ut
941 1787 1147 1875 plerumque,
1180 1809 1247 1854 una
1276 1788 1334 1855 sed
1364 1787 1451 1854 duae

326 1913 491 1979 personae
513 1890 731 1959 adveniunt“.

412 1997 508 2062 Hanc
531 1995 674 2062 formam
696 1985 901 2077 Menander,¹
914 1997 980 2090 ¹qui
1009 1996 1194 2084 diligenter
1216 1999 1328 2062 artem
1351 1996 1450 2062 Euri·

137 2190 140 2197 Ι
210 2114 213 2119 ’
279 2091 281 2098 ’
323 2087 415 2187 ¹pidis
439 2101 607 2168 actionem
630 2101 830 2168 viridiorem
863 2099 1037 2168 reddentis
1071 2079 1266 2168 observavit
1290 2105 1326 2168 et
1348 2101 1449 2168 vehe-

312 2205 431 2278 menti
460 2209 556 2272 motu
583 2227 808 2292 personarum
838 2206 882 2274 in,
907 2227 1059 2272 scaenam
1087 2205 1289 2272 irruentium
1313 2227 1449 2294 exspec-

324 2311 490 2376 tationem
514 2309 723 2376 audientium
747 2309 907 2396 suspendi
923 2309 1049 2396 optime
1065 2311 1235 2396 coguovit,
1259 2309 1357 2397 quasi
1378 2333 1447 2375 mu·

324 2418 442 2482 tuatus
466 2418 528 2480 est·
542 2416 577 2480 in
599 2414 715 2480 Aulul.
740 2438 772 2482 v.
795 2415 870 2480 406.
917 2414 1066 2501 Congrio
1099 2415 1185 2480 enim
1209 2436 1250 2480 ex
1273 2414 1446 2481 Euclionis

232 2583 235 2591 Δ
324 2519 460 2587 aedibus
483 2519 585 2605 fugit,
610 2542 708 2607 quem
729 2520 764 2585 iu
788 2543 818 2585 v.
842 2520 908 2584 414
930 2519 1049 2586 Euclio
1075 2521 1302 2606 subsequitur.

302 2663 304 2668 ·
411 2623 528 2690 Etiam
549 2625 585 2690 in
615 2623 730 2690 Bacch.
756 2624 848 2690 locus
866 2624 990 2691 ‘similis
1023 2627 1154 2691 exstat}
1191 2623 1309 2710 Lydus
1332 2624 1444 2693 Pisto-

263 2786 266 2794 .
323 2728 459 2806 clerum,
495 2751 592 2816 quern
626 2728 820 2794 iamdudum
852 2729 980 2811 tacitus
1015 2733 1150 2795 secutus
1186 2731 1258 2809 est,
1295 2731 1444 2796 retinere

323 2837 465 2900 conatur
487 2855 530 2900 ne
553 2834 589 2899 in
612 2833 711 2900 aedes
736 2833 940 2898 Bacchidum
960 2834 1120 2900 introeat.

410 2939 529 3025 Neque
560 2937 650 3004 solus
674 2935 858 3004 Menander
891 2937 953 3003 hoc
984 2939 1095 3004 modo·
1113 2960 1248 3005 scaenas
1281 2939 1443 3016 instituit,

323 3042 382 3108 sed
414 3043 517 3118 etiarn
536 3028 654 3112 ¹ceteri
688 3043 818 3125 comici;
858 3042 1016 3129 Diphilus
1050 3042 1137 3108 euim
1168 3044 1268 3109 initio
1301 3044 1444 3110 Casinas

324 3147 500 3214 Chalinum
523 3147 654 3224 inducit
671 3147 916 3234 Olympionem,
938 3148 998 3234 qui
1021 3148 1092 3214 sine
1116 3149 1248 3214 arbitro
1283 3149 1377 3235 loqui
1409 3153 1445 3216 et

324 3253 476 3339 cogitare
498 3252 576 3319 vult
598 3252 707 3339 (quasi
741 3275 837 3319 nemo
873 3252 1024 3338 cogitare
1055 3252 1173 3340 possit,
1206 3251 1272 3318 nisi
1294 3252 1373 3319 dum
1395 3255 1445 3320 lo-

322 3355 459 3443 quitur),
493 3379 623 3444 semper
656 3361 866 3444 sequentem
898 3356 1104 3424 Philemonis
1136 3360 1250 3424 autem
1280 3357 1317 3422 in
1349 3357 1442 3424 Trin.

320 3460 493 3546 Lysiteles
526 3465 561 3528 et
593 3462 798 3528 Lesbonicus
831 3465 966 3544 exeunt,
1003 3485 1145 3550 quorum
1179 3462 1269 3529 alter
1302 3463 1443 3530 alterius

321 3567 426 3633 verba
459 3566 735 3654 condicionesque
770 3566 870 3653 fugit,
914 3567 1003 3634 alter
1045 3567 1279 3658 persequitur·
1298 3568 1444 3634 alterum

320 3669 498 3757 (6271628).
522 3710 565 3718 -
588 3670 746 3738 Eiusdem
769 3670 859 3737 modi
889 3676 969 3738 sunt
999 3672 1065 3738 loci
1087 3670 1291 3759 Apollodori
1312 3673 1442 3759 Hecyr.

321 3776 453 3857 hlssss,
486 3775 680 3862 Demophili
711 3776 808 3842 Asin.
833 3777 907 3859 591,
941 3776 1074 3862 Captiv.
1100 3777 1173 3855 516,
1209 3776 1342 3844 Cuicul.
1368 3777 1441 3860 591,

319 3879 448 3966 Epidio.
475 3882 503 3945 1.

407 4091 438 4156 b.
473 4090 579 4157 Initio
603 4089 800 4176 Antigonae
823 4089 1029 4178 Sophocleae
1052 4090 1228 4177 Antigone
1252 4094 1287 4158 et
1310 4090 1441 4158 Ismene

292 4195 354 4260 'in
385 4217 504 4265 scaena
535 4183 804 4281 conspiciuntur5
839 4195 1014 4282 Antigone
1037 4221 1068 4264 v.
1094 4197 1192 4261 rans
1224 4218 1258 4262 se
1291 4218 1442 4263 sororem

318 4323 359 4367 ex
382 4300 518 4368 aedibus
550 4299 641 4366 foras
675 4301 883 4367 sevocavisse
918 4298 1009 4382 dicit,
1043 4305 1082 4367 ut
1115 4305 1282 4368 secretum
1311 4301 1442 4389 aliquid

318 4427 391 4472 cuin
415 4427 454 4473 ea
477 4405 754 4472 communicaret:
