3098 5204
828 464 870 530 36

285 642 423 723 citatur,
455 625 599 728 dilucide
628 631 827 730 apparebat.
874 641 949 724 Qua
972 631 1009 706 rc
1031 640 1168 726 cognita
1190 637 1377 706 Menander
1386 636 1414 722 ¹)

286 767 427 832 eumque
451 756 585 815 secutus
603 743 820 831 Demophilus
838 745 874 810 in
888 737 1051 811 Asinaria
1074 739 1125 812 ea'
1137 743 1270 810 ratione
1295 743 1412 810 aditus

249 862 253 869 '
286 849 453 937 probandi
475 850 527 916 usi
550 855 638 916 sunt.
669 849 752 917 ¹Sed
768 873 842 916 cum*
855 849 969 916 nullus
992 848 1058 916 iam
1082 849 1172 936 apud
1188 847 1412 916 Menandrum

285 955 388 1036 locus,
413 955 471 1042 qui
493 977 566 1022 eam
588 957 759 1022 servatam
783 957 957 1041 praebeat,
981 953 1185 1036 inveniatur,
1210 952 1411 1040 quaestione

285 1062 420 1126 tantum
443 1082 481 1126 ec
505 1059 728 1149 pervenimus,
752 1063 792 1126 ut
814 1059 900 1126 hanc
915 1059 1058 1126 formam
1081 1079 1154 1126 esse
1169 1057 1410 1124 Menandrsam

285 1164 520 1232 verisimiliter
542 1163 751 1230 coniciamus..
797 1164 840 1230 In
855 1163 1032 1231 Perinthia
1048 1163 1135 1230 enim
1151 1162 1311 1231 comicum
1333 1183 1409 1230 eam

286 1269 477 1337 adhibuisse
506 1269 672 1354 arbitror;
706 1289 805 1356 qnam
824 1268 979 1350 ¹fabulam
1004 1268 1040 1335 in
1061 1268 1171 1356 prima
1198 1287 1321 1336 scaena
1342 1265 1408 1334 La-

285 1374 380 1442 tinae
402 1373 557 1441 Andriae
572 1373 767 1440 Terentium
791 1378 941 1440 secatum
964 1396 1039 1441 esse
1062 1374 1218 1442 Donatus
1242 1373 1286 1438 ad
1308 1397 1339 1440 v.
1366 1372 1408 1438 13

285 1479 405 1546 tradit.
450 1477 548 1546 Hanc
578 1479 841 1558 adnotationem,
873 1501 973 1566 quam
1004 1478 1123 1545 Ihnius
1154 1479 1308 1565 (Quaest.
1343 1477 1409 1544 Te-

279 1584 473 1676 rentianae,
504 1585 612 1652 Bonn.
646 1583 725 1651 diss.
759 1584 866 1669 1843.)
896 1583 932 1650 in
964 1582 1228 1651 controversiam
1259 1582 1408 1664 vocavit,

285 1693 415 1756 rectam
437 1712 511 1756 esse
532 1712 620 1755 nnnc
643 1689 793 1756 omnibus
807 1685 990 1776 probatum
1006 1711 1080 1755 esse
1095 1690 1198 1776 puto:
1227 1686 1408 1770 ,Conscius

285 1794 349 1860 sibi
378 1798 432 1860 est
461 1791 603 1882 primani
634 1815 787 1860 scaenam
811 1793 852 1860 de
874 1793 1055 1861 Perinthia
1070 1849 1074 1860 ,1
1088 1815 1158 1860 esse
1189 1791 1405 1872 translatam,

285 1899 344 1964 ubi
367 1919 468 1966 senex
501 1899 553 1965 ita
585 1902 657 1964 c'um
691 1921 794 1964 uxore
827 1897 989 1984 loquitur,
1023 1901 1064 1964 ut
1096 1897 1187 1984 apud
1210 1896 1408 1964 Terentium

285 2026 360 2070 cum
382 2004 517 2070 liberto.
552 2006 602 2069 at.
623 2003 659 2068 in
681 2001 820 2070 Andria
848 2001 1024 2069 Menandri
1058 2003 1148 2070 solus
1184 2007 1237 2070 est
1272 2003 1404 2068 senex.“

285 2109 388 2195 Apud
411 2109 608 2196 Terentium
631 2105 720 2174 Simo
746 2109 848 2174 senex
875 2131 948 2174 oum
971 2107 1068 2175 Sosia
1090 2131 1194 2194 coquo
1219 2110 1255 2176 et
1277 2106 1406 2200 duobus

285 2214 395 2281 servis
428 2213 566 2307 opsonio
601 2215 713 2299 empto
738 2234 759 2278 a
780 2211 856 2278 foro
879 2212 1007 2278 redisse
1030 2213 1178 2279 videtur.
1222 2212 1264 2278 In
1287 2210 1406 2277 Perin-

284 2319 359 2388 thia
381 2311 494 2384 autem
516 2339 653 2384 uxorem
670 2333 738 2383 non
756 2339 776 2383 a
795 2317 871 2384 foro
895 2317 1080 2386 revertisse
1103 2321 1258 2406 apparet,
1283 2316 1342 2382 sed
1364 2338 1406 2382 ex

284 2424 421 2491 aedibus
445 2444 583 2510 egressa
613 2425 683 2508 est3
716 2428 753 2489 at
777 2445 836 2490 cnr
858 2422 1047 2513 processit?
1092 2423 1176 2489 Eam
1200 2444 1261 2489 sua
1285 2424 1405 2508 sponte

284 2528 403 2611 exisse,
420 2532 459 2594 ut
473 2521 584 2596 sirum
601 2533 826 2616 exspectaret,
849 2523 921 2595 non
932 2529 1116 2610 uerisimile
1133 2531 1195 2619 est,
1220 2549 1294 2594 cnm
1308 2523 1402 2595 nullo

283 2633 357 2700 loco
380 2628 506 2720 poetae
524 2655 631 2700 novae
654 2634 845 2701 comoediae
874 2635 1127 2722 exspectatione
1150 2624 1194 2700 ad
1216 2633 1346 2698 aditum
1368 2631 1404 2696 in

285 2761 438 2806 scaenam
462 2737 671 2826 probandum
686 2737 739 2804 ita
754 2741 905 2822 utantur,
930 2743 970 2804 ut
985 2739 1159 2805 exordium
1173 2737 1310 2804 fabulae
1326 2735 1403 2800 iude

284 2843 471 2919 incohatur,
494 2842 552 2908 sed
573 2862 705 2930 semper
728 2865 770 2910 ea
790 2865 890 2910 causa
912 2844 948 2909 in
971 2844 1102 2910 actione
1125 2845 1199 2932 ipsa
1222 2865 1265 2909 ex
1285 2841 1404 2908 habitu

284 2947 388 3015 animi
409 2970 625 3036 personarum
647 2948 747 3015 rebus
771 2950 878 3034 gestis
900 2951 1070 3016 concitato
1094 2949 1234 3016 oriatur.
1280 2947 1403 3036 Itaque

284 3059 345 3120 aut
361 3075 381 3120 a
397 3053 470 3118 viro
489 3051 628 3119 seducta
644 3055 697 3119 est
712 3053 755 3119 ad
771 3054 971 3142 colloquium
989 3057 1088 3124 extra
1111 3053 1209 3119 aedes
1227 3056 1402 3132 secretum,

284 3158 373 3248 quod
408 3162 539 3247 poetas,
568 3158 708 3225 comicos
749 3158 921 3226 interdum
959 3159 1177 3247 usurpavisse
1217 3157 1402 3244 exemplum

283 3265 465 3358 ,asinariae
497 3263 603 3345 docet,
638 3273 699 3329 aut
731 3263 826 3330 nulla
857 3287 956 3332 cause
988 3267 1153 3331 commota
1184 3265 1219 3329 in
1251 3284 1403 3330 scaenam

283 3355 460 3456 processit.
508 3367 656 3450 Quorum
679 3372 795 3434 utrum
817 3369 1027 3457 probabilius
1050 3369 1104 3452 sit,
1128 3391 1195 3435 non
1219 3367 1401 3448 dubitabit,

283 3474 342 3560 qui
365 3495 403 3540 re
426 3495 508 3540 vera
536 3495 605 3538 rem
636 3477 798 3540 secretam
830 3474 886 3560 agi
915 3475 952 3542 in
973 3475 1045 3542 hac.
1064 3495 1183 3540 scaena
1212 3473 1401 3544 considera-

283 3579 385 3646 verit.
431 3577 618 3647 Exordium
638 3577 746 3664 igitur
760 3578 957 3646 Perinthiae
981 3580 1089 3646 simile
1112 3583 1189 3646 erat
1212 3579 1401 3659 Asinariae,

180 3709 183 3715 ·
285 3705 350 3771 qua
373 3684 408 3748 in
430 3681 548 3748 fabula
571 3705 672 3748 senex
687 3683 914 3751 Demaenetus
939 3707 1073 3773 servum
1091 3685 1256 3750 Libanum
1280 3683 1402 3750 secreti

284 3787 443 3874 colloquii
456 3809 565 3888 *causa
588 3787 683 3853 domo
708 3787 829 3854 educit.

372 3893 497 3960 Unicus
520 3895 634 3960 autem
656 3891 744 3980 apud
767 3893 988 3960 Menandrum
1010 3893 1113 3974 locus,
1139 3893 1195 3980 qui
1217 3915 1305 3958 nunc
1328 3913 1400 3958 eam

283 3998 426 4064 formam
449 3997 595 4079 exhibet,
628 4019 649 4062 a
670 3997 794 4064 Plauto
819 3999 1021 4086 compositus
1052 4003 1122 4080 est;
1155 4021 1252 4085 quem
1274 3998 1309 4062 in
1331 3998 1402 4062 Au-

284 4189 491 4198 Ἣ

281 4297 285 4308 ⁴
331 4319 333 4323 ’
376 4304 402 4372 l)
422 4302 765 4372 Thesmophoriazusarum
785 4305 925 4369 exordium
946 4323 1000 4360 non
1022 4307 1233 4374 comparandum
1263 4315 1312 4375 est,
1342 4325 1403 4364 cum

282 4392 432 4461 Euripides
452 4394 496 4446 τὸν
515 4394 639 4466 κηδεστὴν
658 4395 853 4473 ηοῃιεεᾶηοαϊ,
872 4402 903 4449 ut
922 4401 1027 4450 secreto
1047 4397 1166 4464 colloqui
1185 4399 1300 4465 possint.
