3098 5204
638 469 693 540 51¹

95 644 235 716 brevius
259 631 439 726 contraxit,
472 643 512 710 ut
543 643 796 730 praenuntiatio
825 643 981 710 neniam
1004 641 1114 730 spatio
1134 642 1222 728 ¹plus

98 757 236 816 centum
261 770 419 816 versuum
440 749 483 815 ab
507 747 606 815 aditu
625 769 791 836 personae
814 748 870 822 vel
892 769 1032 834 pompae
1055 768 1221 833 praenun-

98 855 210 922 tiatae
235 853 349 936 distet,
384 851 444 919 sed
476 853 655 939 perpaucis
686 852 839 920 versibus
857 852 1022 928 ‘diiuncta
1054 851 1115 934 sit;
1149 872 1222 917 earn

95 961 244 1027 formam
268 957 510 1044 extragoedia
539 957 712 1024 oriundam
735 978 807 1024 esse
829 957 1074 1048 ipsesermone
1097 951 1249 1042 tragici

97 1063 224 1132 coloris
247 1061 388 1129 fatetur.
1050 1125 1051 1128 ,
1115 1128 1118 1132 ,

188 1167 273 1234 Ach.
298 1167 392 1232 1174.
439 1165 567 1234 Servus
590 1165 751 1235 Lamaohi
773 1167 962 1234 revertitur
985 1175 1019 1232 et
1042 1187 1221 1234 conservos

96 1276 238 1342 evocat:
273 1275 297 1336 ὦ
322 1275 430 1357 δμῶες,
464 1270 491 1336 οἳ
514 1258 585 1334 κατ’
601 1269 682 1336 ,οἶκόν
706 1274 772 1336 ἐστε
796 1271 945 1358 Λαμάχου
969 1274 1083 1338 01000
1107 1292 1223 1337 curam

95 1378 254 1447 vulneris
275 1377 328 1444 eri
354 1396 564 1464 praeparare
593 1377 701 1459 iubet,
730 1398 797 1464 quo
827 1379 1044 1464 spectatores,
1060 1375 1222 1446 certiores

95 1477 415 1550 liuntLamaehum
433 1482 545 1569 ipsum
566 1481 765 1553 rediturum·
787 1468 879 1566 esse}
912 1485 956 1548 et-
970 1481 1132 1568 profecto
1146 1501 1223 1546 mox

95 1613 128 1654 v.
156 1588 242 1654 1189
266 1587 327 1675 (ὁδὶ
351 1585 383 1650 δὲ
406 1588 536 1671 καύτός.)
570 1587 759 1654 revertitur
773 1588 803 1674 ¹).
852 1586 961 1652 Simili
992 1586 1066 1653 loco
1098 1586 1224 1653 Avium

95 1693 240 1776 nuntius
264 1691 424 1778 (01706)
447 1692 561 1760 verbis
585 1713 675 1759 more
697 1692 837 1778 tragicis
860 1711 1015 1779 pompam
1036 1691 1224 1778 nuptialem

96 1797 307 1871 Pithetaeri
323 1787 527 1884 pronuntiat
537 1795 572 1880 ²),
606 1797 663 1884 qui
685 1820 717 1864 v.
743 1799 828 1862 1718
850 1797 980 1884 ipsein
1003 1817 1124 1864 scaena
1147 1819 1223 1863 000-

98 1904 263 1992 spicitur:
288 1901 334 1966 ὁδὶ
359 1901 391 1964 δὲ
414 1901 521 1974 καύτός
546 1903 633 1967 ἐστιν.
680 1901 771 1983 Quos
793 1901 885 1968 locos
901 1900 1178 1988 Aristophanem⁴
1195 1901 1224 1968 si

97 2031 174 2076 cum
197 2006 281 2078 locis
305 2005 446 2092 tragicis
471 2027 712 2092 0000000000,
731 2004 884 2084 Ι0000100
906 2007 1049 2072 formam
1071 2027 1144 2072 0000
1167 2027 1223 2093 ap·

96 2115 202 2201 paret
223 2111 258 2177 10
280 2111 498 2198 paucissimos
523 2133 641 2178 versus
665 2111 875 2178 contractam
884 2109 918 2197 3).

102 2255 103 2260 κ
189 2216 256 2283 Sed
284 2215 366 2284 haec
388 2205 497 2282 forma
519 2219 593 2281 tum
615 2214 746 2282 demum
778 2215 852 2283 usui
884 2239 992 2284 novae
1023 2213 1224 2296 comoediae,

100 2343 189 2411 quae
213 2321 321 2388 ferme
342 2321 471 2387 nuntiis
494 2343 561 2386 non
583 2323 715 2403 utatur,
747 2325 830 2409 apta
854 2325 942 2404 erat,
972 2343 1046 2388 oum
1067 2321 1242 2403 000100Ι

97 2426 221 2510 nuntii,
256 2425 315 2492 sed
346 2447 512 2512 personae
543 2425 727 2512 primariae
758 2448 814 2492 res
840 2449 922 2493 mox
950 2426 1225 2513 inconspectum

96 2535 262 2600 venturas
283 2525 597 2624 'praenuntiabant
656 2530 754 2613 Quod
789 2531 931 2618 primum
969 2532 1004 2596 in
1042 2530 1223 2619 Equitibus

98 2635 355 2724 Aristophanae
384 2636 512 2703 factum
535 2639 609 2702 est.
654 2636 697 2702 In
719 2660 751 2703 v.
779 2636 866 2720 enim
889 2637 974 2704 1316
996 2637 1223 2723 Agoracritus

86 2725 172 2810 'exit
195 2744 231 2807 et
254 2741 356 2809 choro
379 2741 539 2829 populum
564 2763 681 2808 rursus
704 2741 859 2809 iuvenem
880 2742 1008 2810 factum
1032 2764 1105 2808 esse
1127 2740 1223 2808 deco·
1260 2775 1262 2780 ·

98 2847 232 2936 quando
264 2849 386 2914 narrat
415 2850 451 2912 et
481 2846 611 2933 equites
645 2845 812 2928 admonet,
844 2851 884 2913 ut
915 2847 1041 2934 linguis
1064 2847 1225 2914 faveant:

97 2953 249 3036 εὐφημεῖν
270 2951 330 3036 χρὴ
346 2949 398 3014 καὶ
413 2953 509 3034 στόμα
524 2950 631 3013 κλείειν
647 2949 696 3014 καὶ
714 2965 878 3036 μαρτυριῶν
895 2952 1074 3038 ἀπέχεσθαι.
1116 2951 1223 3018 Ρο010

98 3061 279 3144 postquam
303 3055 353 3122 ita
375 3055 599 3121 mutationem
622 3055 745 3142 Populi
770 3055 956 3138 denotavit,
980 3056 1129 3144 Populus
1152 3057 1223 3144 ipse

99 3161 219 3243 exim).
265 3159 341 3242 Qua
363 3180 464 3226 causa
485 3163 588 3246 poeta
618 3179 798 3246 personam
821 3161 913 3228 intus
936 3161 1126 3239 retinuerit,
1156 3184 1223 3228 000

192 3329 219 3406 1)
232 3331 327 3406 'Beyer
345 3353 371 3405 p
391 3339 424 3390 65
445 3334 585 3390 fusiusde
604 3337 656 3390 hac
676 3337 765 3391 nuntii
783 3338 942 3392 narratione
961 3337 1024 3404 egit.

190 3429 219 3495 2)
239 3425 281 3480 Of.
303 3426 390 3496 Beyer
408 3443 435 3494 p.
455 3429 497 3480 68.

191 3517 219 3583 3)
239 3515 383 3583 Tragicam
408 3513 525 3568 formam
552 3531 607 3568 non
637 3515 774 3568 contraxit
802 3515 831 3567 in
859 3505 939 3568 Pluto
958 3505 1222 3584 (627-749-77q

98 3619 182 3672 quam
201 3603 322 3657 fabulam
342 3609 430 3656 artem
449 3601 610 3670 tragoediae
630 3603 707 3670 sequi
726 3603 779 3656 iarn
800 3619 884 3672 supra
902 3603 1001 3657 00001.

190 3693 219 3761 4)
238 3693 290 3745 Η10
308 3693 384 3750 locus
404 3693 536 3759 Equitum
551 3691 759 3746 commonefacit
772 3693 951 3746 Phaethontis
965 3693 1061 3761 Eurip.
1076 3691 1224 3761 fragmenti

97 3787 160 3849 773,
180 3784 209 3836 in
228 3777 281 3849 quo
301 3791 337 3851 (v.
357 3784 403 3852 66)
423 3799 524 3852 praeco
547 3783 670 3850 Meropis
689 3784 839 3852 Aethiopes
859 3783 968 3836 silentio
987 3798 1079 3850 regem
1098 3784 1223 3849 accipere

97 3880 127 3928 et
148 3873 173 3926 01
192 3871 323 3928 decedere
342 3872 418 3926 iubet
437 3872 479 3926 his
497 3871 603 3927 verbis:

419 3960 541 4014 Ὠκεανοῦ
560 3961 652 4015 πεδίων
672 3964 811 4032 οἰκήτορες,

418 4039 553 4124 εὔφαμεῖτε
573 4093 578 4104 .
600 4094 605 4105 .
627 4094 632 4103 .
664 4119 667 4124 ¹
737 4041 739 4047 ¹

96 4127 254 4207 Utrobique
274 4140 373 4194 chorus
393 4147 531 4208 tamquam
550 4141 578 4193 in
594 4141 679 4194 'rebus
705 4139 804 4194 divinis
833 4139 1002 4206 admonetur,
1029 4147 1060 4193 ut
1078 4155 1224 4208 personam

96 4229 293 4299 procedentem
312 4230 421 4284 silentio
440 4231 572 4299 accipiat;
594 4237 623 4284 at
641 4231 695 4290 hoc¹
714 4230 774 4290 loco
793 4231 973 4285 Phaethontis
992 4236 1075 4298 poeta
1093 4246 1147 4283 non
1166 4229 1223 4282 ani-

97 4335 158 4374 mos
177 4321 206 4372 in
225 4335 316 4386 regern
335 4318 479 4373 intendere
499 4320 566 4386 vult,
593 4319 641 4374 sed
666 4318 706 4372 id·
720 4321 785 4388 agit,
812 4325 843 4373 ut
868 4335 970 4374 morem
996 4320 1115 4373 aulicum
1134 4320 1223 4387 gentis

95 4408 235 4463 barbarae
264 4407 402 4462 describat
430 4408 476 4477 (of.
497 4408 661 4474 Wilamow„
689 4409 781 4462 Herm.
804 4412 843 4474 18,
853 4411 931 4477 404);
959 4413 986 4462 et
1006 4407 1120 4475 accedit,
1150 4407 1222 4475 quod

96 4513 200 4568 praeco
219 4514 274 4552 non
292 4496 479 4566 praenuntiat,
507 4496 555 4552 sed
584 4499 665 4552 simul
693 4515 754 4552 000
773 4513 838 4567 rege
857 4505 885 4552 et
904 4498 1076 4553 Phaethonte
1095 4513 1225 4568 egressus

768 4588 771 4594 .
973 4589 1012 4640 4*
