3098 5204
643 441 686 506 53

101 612 201 700 pidea
230 613 416 680 contulerit
448 613 491 680 ad
522 613 666 682 formam
687 636 796 682 novae
826 615 1016 682 comoediae
1039 638 1148 708 secum
1171 638 1223 683 re·

101 718 280 805 putaverit
288 717 321 804 ¹),
346 722 523 806 procerte
548 717 658 786 dicere
681 719 830 788 audebit.

190 821 307 910 Neque
324 823 415 890 solus
432 821 591 890 Pseudoli
614 826 717 910 poeta
739 823 826 890 hanc
849 825 1018 891 rationem
1032 824 1224 912 usurpavit.

102 925 245 994 Poenuli
268 927 355 995 enim
378 951 497 995 versus
519 929 585 994 470
594 951 636 994 ss.
662 927 810 995 eiusdem
831 928 922 995 modi
944 933 1041 996 sunt:
1065 930 1178 1016 Lycus
1204 951 1241 995 a,

101 1023 350 1098 fano'Veneris
374 1033 570 1114 revertitur,
605 1032 646 1099 de
679 1021 804 1100 eventu
836 1033 1072 1102 sacrificiorum
1094 1038 1225 1122 specta-

101 1141 196 1204 tores
218 1137 385 1204 certiores
408 1137 502 1219 facit,
535 1136 656 1204 deinde
678 1138 882 1220 miratur,
913 1138 970 1204 ubi
993 1137 1091 1206 miles
1116 1140 1225 1206 Anta-

101 1241 270 1308 moenides
293 1241 476 1325 restiterit,
508 1242 567 1330 qui
589 1265 650 1308 cur
673 1242 805 1310 tardius
829 1241 975 1329 prodeat
997 1265 1065 1308 non
1087 1241 1223 1310 dieitur.

100 1345 175 1412 Hoc
208 1346 282 1414 loco
304 1369 372 1413 non
405 1346 472 1413 iarn
505 1349 609 1414 verba
641 1369 806 1434 personae
841 1346 966 1434 prioris
991 1347 1033 1414 ad
1061 1369 1225 1434 personae

101 1451 255 1518 habitum
288 1474 366 1517 mox
399 1473 614 1538 processurae
648 1455 815 1538 spectant,
849 1451 907 1518 sed
935 1474 955 1518 e
985 1451 1133 1539 pristina
1164 1451 1225 1520 ffla

100 1557 214 1622 forma
236 1555 320 1621 nihil
342 1555 408 1622 nisi
434 1556 669 1641 interrogatio,
702 1579 769 1644 qna
799 1556 943 1623 militem
971 1556 1144 1624 restitisse
1166 1558 1225 1624 mi·

100 1664 211 1742 ratur,
237 1665 273 1727 et
295 1659 447 1728 defectus
471 1681 591 1728 causac
614 1661 768 1728 morandi
789 1661 963 1728 remansit.

128 1780 131 1784 ’
190 1765 342 1852 Egregia
364 1769 442 1832 arte
464 1765 616 1832 Philemo
646 1766 733 1832 hano
754 1765 899 1833 formam
921 1767 957 1832 in
980 1767 1082 1832 Mero.
1107 1765 1225 1833 censs.

101 1871 273 1938 adhibuit:
306 1870 529 1958 Lysimachus
560 1892 581 1938 a
612 1871 687 1936 foro
721 1870 813 1937 redit
846 1875 881 1938 et
912 1894 947 1938 se
979 1893 1119 1958 coquum
1151 1893 1226 1938 oon-

101 1976 237 2043 duxisse
253 1980 382 2056 narrat,
407 1975 466 2043 sed
484 1998 578 2058 ,eum
594 1975 838 2042 demiratur
860 1999 928 2042 non
943 1977 1088 2043 venire.“
1127 1976 1226 2044 Post·

101 2103 203 2169 quam
225 2080 345 2147 deinde
367 2081 521 2168 Dorippa
553 2101 692 2166 egressa
724 2084 785 2162 est,
818 2103 952 2167 coquus,
984 2081 1043 2167 qui
1073 2085 1145 2148 tam
1168 2079 1227 2146 (tiu

102 2185 259 2269 cessavit,
284 2184 382 2252 adest
398 2185 517 2272 [,Ecce
533 2187 646 2252 autem
661 2186 758 2274 perii,
776 2207 907 2272 ,coquus
931 2185 1046 2254 adest“
1065 2187 1166 2272 (748)]
1191 2191 1227 2252 et

101 2291 231 2358 festiva
254 2312 375 2358 scaena
398 2291 519 2356 oritur.

190 2395 242 2462 Ea
264 2396 502 2483 interrogatio,
526 2417 593 2483 qua
613 2381 660 2477 is,
678 2395 735 2481 qui
757 2395 852 2481 prior
876 2393 1016 2477 accedit,
1049 2417 1085 2462 se
1108 2395 1228 2462 mirari

102 2499 197 2582 dicit,
232 2500 367 2566 ubinam
399 2500 511 2566 altera
533 2519 679 2587 persona
701 2498 887 2582 restiterit,
929 2522 1003 2566 oum
1019 2570 1022 2580 ¹
1036 2499 1088 2566 his
1113 2501 1225 2568 tribus

104 2627 212 2672 nov-ae
242 2604 431 2672 comoediae
462 2605 544 2671 locis
577 2605 782 2687 inveniatur,
816 2604 963 2671 fortasse
985 2603 1047 2670 hos
1069 2604 1159 2672 locos
1183 2607 1225 2672 ab

104 2732 171 2776 uno
195 2709 346 2798 exemplo
370 2709 553 2796 Euripideo
578 2708 633 2774 vel
655 2707 906 2797 Aristophaneo
929 2709 1025 2776 nohis
1048 2699 1225 2796 deperdito

104 2814 253 2902 pendere
275 2813 388 2902 aliquo
412 2813 509 2880 modo
533 2813 639 2880 conici
661 2817 787 2901 potest.

560 3029 766 3037 ——-—-—--

547 3193 702 3262 OAPVT
725 3194 787 3260 IV.

104 3339 164 3407 De
197 3336 295 3409 locis
329 3335 578 3417 comicorum,
613 3335 683 3424 qui
714 3352 836 3406 causa
870 3335 1046 3406 adeundi
1077 3340 1223 3420 carent,

543 3433 546 3442 '
596 3440 735 3528 agitur.

192 3588 221 3634 a.
245 3565 531 3634 Wilamowitzius
554 3564 590 3630 in
611 3562 749 3630 Hercul.
771 3580 877 3630 comm
901 3566 945 3649 (p.
963 3563 1056 3647 369):
1083 3563 1149 3648 ,Es
1168 3587 1224 3650 gc·

105 3672 195 3753 hort,
220 3670 340 3759 inquit,
366 3692 441 3736 zum
464 3668 553 3734 Stilc
576 3668 634 3734 des
657 3667 887 3753 griechischen
902 3665 1146 3754 Schauspieles,
1171 3668 1225 3735 die

104 3775 335 3861 Motivierung
350 3774 408 3841 des
426 3772 703 3859 Gleichgiiltigcn
719 3795 761 3838 zu
782 3771 1033 3853 versohmthen
1058 3772 1128 3839 und
1150 3796 1226 3840 zum

104 3881 231 3948 Wesen
254 3879 312 3945 des
336 3878 476 3945 antiken
491 3877 699 3960 Publikums,
723 3875 922 3966 Adiaphora
945 3875 996 3942 als
1019 3876 1129 3943 solohe
1151 3877 1225 3944 hin·

105 3983 289 4051 zunehmen
312 3983 380 4049 und
403 3983 473 4050 sich
494 3983 549 4051 bei
571 3983 672 4052 ihnen
704 3981 799 4049 nicht
827 3979 1079 4048 aufzuhalten.“
1128 3981 1225 4064 Quod

104 4089 260 4157 iudicium
292 4088 407 4175 aliqua
430 4091 592 4175 exparte
624 4111 740 4156 verum
772 4109 845 4155 esse
878 4085 1031 4154 concedo.
1078 4085 1144 4154 Sed
1172 4108 1224 4156 ca·

197 4304 223 4372 l)
242 4301 281 4356 Cf.
302 4302 367 4368 Leo,
388 4301 437 4368 Qu.
457 4301 497 4355 Pl.
518 4304 583 4368 1133
603 4299 740 4368 Monolog.
759 4317 786 4368 p.
800 4303 842 4366 53,
861 4315 914 4366 quo
933 4299 993 4353 loco
1013 4297 1047 4353 de
1066 4299 1224 4354 Philemone

106 4409 139 4446 ex
158 4392 262 4447 Helena
281 4389 417 4461 pendente
437 4390 536 4458 agitur.
