3098 5204
912 417 932 480 6

448 590 543 676 Ergo
567 592 604 657 et
625 589 661 656 in
682 589 783 676 Auge
799 589 986 677 Euripiden
1008 593 1044 656 et
1066 589 1102 656 in
1121 589 1391 678 Disceptantibus
1405 588 1465 654 Me·

361 692 512 761 nandrca
529 694 633 780 virgo
657 693 782 782 aliqua,
817 693 895 762 dum
925 697 1094 764 nocturna
1118 715 1216 762 sacra
1237 693 1436 781 agitantur(
1460 744 1466 759 .

361 797 453 864 Disc.
476 821 508 865 v.
532 799 657 883 assa),
690 819 711 865 a
734 798 807 866 viro
838 800 933 866 ebrio
956 800 1001 885 (v.
1024 799 1113 866 Disc.
1137 800 1214 881 255)
1236 797 1387 880 vitiatur,
1417 797 1470 884 qui

362 902 499 968 anulum
521 902 558 969 in
578 903 730 970 manibus
752 903 887 991 puellae
904 903 1021 986 „huius
1037 903 1126 971 farti
1139 907 1282 971 testem“
1308 902 1470 989 relinquit.

362 1006 445 1074 Cum
468 1029 510 1073 ex
532 1007 584 1074 his
607 1009 707 1074 rebus
730 1008 865 1075 fabulas
889 1008 1033 1095 quodam
1062 1008 1160 1076 modo
1192 1008 1285 1075 inter
1308 1029 1343 1075 se
1365 1007 1472 1074 cohae-

362 1112 531 1178 rere‘vcri
553 1111 660 1178 simile
682 1113 754 1194 fiat,
778 1119 893 1178 tamen
916 1135 972 1179 eas
994 1135 1062 1179 non
1083 1114 1193 1180 artius
1208 1113 1299 1180 inter
1315 1135 1350 1180 se
1365 1113 1473 1178 cohae-

361 1239 437 1284 rere
461 1217 688 1284 existimarem
710 1237 810 1304 qnam
832 1226 910 1284 cum'
929 1218 1051 1310 ceteris
1074 1217 1210 1298 fabulis,
1241 1218 1276 1284 in
1298 1201 1412 1305 quibus
1434 1215 1474 1283 de

356 1323 481 1412 ‚stupro
496 1371 498 1374 -
516 1320 647 1406 furtivo
681 1321 809 1408 agitur,
844 1321 912 1388 nisi
946 1325 1075 1390 certum
1108 1323 1267 1389 indicium
1299 1321 1475 1390 accederet.

361 1424 482 1523 Neque
503 1424 590 1504 enim
605 1424 695 1492 forte
709 1425 839 1492 factum
854 1447 927 1493 esse
940 1430 1034 1517 puto,
1058 1433 1099 1493 ut
1114 1427 1150 1498 in
1165 1428 1240 1516 ipsa
1253 1425 1477 1516 recognitione

361 1529 497 1616 fabulae
519 1526 757 1612 Menandreae,
791 1534 970 1620 postquam
1001 1553 1055 1600 res
1078 1531 1141 1598 illa
1162 1535 1261 1599 nocte
1293 1534 1409 1618 gestae
1437 1531 1478 1596 si·

355 1633 542 1728 gnificatae
566 1638 655 1716 sunt,
688 1636 792 1702 verba
816 1657 857 1704 ex
879 1636 980 1724 Auge
1003 1625 1180 1726 desumpta
1204 1640 1390 1713 occurrant,
1422 1635 1479 1702 sed

360 1738 580 1812 Menandrum
601 1739 654 1806 his
677 1739 790 1808 verbis
822 1741 920 1830 quasi
953 1739 1063 1828 digito
1094 1744 1299 1808 monstrasse
1322 1744 1480 1828 apparet,

355 1867 398 1936 se
429 1840 565 1944 fabulae
589 1843 793 1932 Euripideae
826 1844 1016 1920 meminisse
1049 1849 1085 1913 et
1117 1845 1193 1912 sibi,
1213 1846 1379 1932 conscium
1410 1867 1482 1911 esse

359 1948 573 2016 imitationis.
620 1947 675 2015 Ita
706 1949 868 2016 comicum
891 1949 934 2016 ab
957 1949 1132 2040 Euripidis
1165 1950 1373 2038 argumentis
1405 1972 1485 2036 pen-

361 2051 441 2119 dere
453 2053 691 2140 reputantibus
708 2052 804 2120 uobis
816 2077 884 2120 non
896 2054 962 2138 iam
979 2053 1100 2121 mirum
1116 2059 1178 2134 est,
1195 2055 1283 2142 quod
1298 2053 1484 2139 Menander

355 2157 464 2251 ¹etiam
487 2159 597 2225 artem
618 2156 791 2245 Euripidis
826 2162 959 2226 secutus
992 2162 1063 2244 est;
1097 2163 1132 2226 et
1163 2158 1206 2225 de
1228 2158 1350 2226 ceteris
1373 2159 1485 2245 poetis

359 2282 468 2329 novae
491 2253 689 2332 comoediae*
703 2260 792 2328 idem
812 2262 879 2328 dici
894 2262 1004 2330 debet.
1050 2262 1149 2345 Quod
1163 2285 1237 2329 cum
1252 2264 1318 2329 iam
1341 2264 1383 2329 ab
1407 2262 1487 2328 aliis

355 2366 396 2458 in
418 2367 495 2440 aliis
517 2365 616 2434 rebus
639 2366 910 2452 demonstratum
932 2367 987 2450 sit,
1011 2367 1106 2435 nobis
1128 2368 1165 2437 in
1187 2367 1296 2436 causis
1319 2366 1497 2434 introitus¹

361 2491 582 2558 personarum
597 2472 790 2539 accuratius
807 2472 986 2539 ostendere
1005 2471 1216 2560 propositum
1231 2475 1292 2553 est,
1317 2475 1353 2538 et
1369 2493 1489 2558 quam-

361 2576 414 2643 vis
437 2575 474 2640 in
496 2598 534 2642 re
556 2575 733 2656 minutula,
767 2579 882 2644 tamen
904 2575 1120 2644 manifestum
1144 2577 1219 2644 fore
1242 2599 1350 2664 spero,
1385 2598 1492 2664 quam

355 2678 439 2746 ¹arte
462 2680 641 2765 tragoedia
663 2684 700 2746 et
721 2679 894 2748 comoedia
916 2702 1005 2749 nova
1027 2681 1119 2748 inter
1142 2703 1179 2748 se
1201 2680 1415 2748 cohaereant.

411 2857 414 2860 ,
450 2784 527 2852 Non
548 2789 675 2852 temere
691 2784 763 2850 dixi
777 2806 894 2852 causas
917 2785 1082 2853 introitus
1104 2807 1324 2873 personarum
1344 2786 1493 2872 exiguas

363 2911 434 2956 esse
457 2911 527 2968 res;
559 2912 633 2956 cum
656 2889 697 2956 de
720 2889 856 2956 fabulae
888 2890 1020 2956 virtute
1053 2891 1239 2978 quaeritur,
1270 2913 1338 2956 non
1373 2891 1496 2975 magni

361 2994 515 3076 interest,
532 2998 649 3060 utrum
663 2998 766 3088 poeta
781 3015 900 3062 causas
917 2994 1063 3061 adeundi
1077 2984 1205 3061 indicet
1219 3017 1339 3082 necne;
1364 3015 1496 3062 causae

357 3097 451 3174 enim
474 3097 547 3164 fere
567 3121 634 3164 non
657 3121 699 3165 ex
721 3098 857 3186 ingenio
878 3099 1021 3187 poetico,
1046 3099 1106 3166 sed
1129 3121 1170 3165 ex
1192 3098 1325 3167 ratione
1348 3100 1496 3166 iudicio·

363 3225 427 3290 que
450 3203 623 3288 oriuntur;
656 3203 773 3291 itaque
805 3226 868 3292 pro
901 3207 1026 3272 natura
1049 3208 1085 3270 et
1107 3204 1242 3290 ingenio
1274 3209 1399 3292 poetae
1435 3226 1495 3269 eas

362 3310 619 3376 tractaverunt:
653 3307 917 3396 Shakespearius
950 3309 1263 3398 praestantissimus
1294 3309 1355 3375 ille
1384 3312 1495 3396 poeta

363 3411 581 3480 Britannicus
609 3433 768 3500 personas
801 3413 838 3478 in
868 3435 1022 3480 scaenam
1054 3413 1157 3494 ducit,
1190 3436 1264 3480 cum
1287 3435 1344 3481 eas
1367 3411 1495 3479 adesse

358 3511 447 3606 'opus
472 3521 534 3599 est,
566 3539 634 3582 non
664 3517 772 3583 multa
804 3539 914 3584 secum
937 3517 979 3584 de
1001 3538 1103 3584 causa
1124 3517 1287 3585 introitus
1310 3522 1495 3604 reputans

364 3624 467 3708 atque
491 3619 686 3702 Schillerus,
720 3643 851 3708 sempor
872 3621 957 3688 nihil
981 3625 1138 3709 spectans
1161 3621 1229 3686 nisi
1252 3643 1402 3688 summas
1428 3643 1495 3700 res

364 3748 424 3792 suo
448 3725 592 3794 arbitrio
614 3747 732 3792 causas
755 3726 908 3812 neglegit
931 3725 987 3793 vel
1009 3728 1123 3809 curat3
1147 3725 1292 3792 Hebbeli
1314 3729 1437 3792 autem
1464 3726 1495 3790 ir

364 3829 489 3914 fabulis
513 3834 669 3897 accurate
693 3850 814 3897 causae
837 3830 983 3898 adeundi
1006 3829 1210 3912 indicantur,
1245 3833 1284 3896 ut
1307 3833 1362 3898 est
1387 3834 1495 3918 poeta

364 3932 498 4000 ratione
519 3934 659 4021 fingens.

292 4095 294 4102 “
364 4095 443 4160 Auge
462 4090 558 4145 fabula
576 4090 727 4160 Euripiden
755 4092 892 4160 cogitavit.
931 4092 1033 4146 Tamen
1060 4107 1115 4145 non
1145 4092 1232 4145 solum
1250 4092 1494 4146 Wilamowitzius

365 4180 515 4236 sedetiam
533 4181 687 4235 Meinelrius
717 4185 792 4234 recte
818 4187 973 4248 senscrunt,
1001 4181 1106 4235 scilicet
1132 4169 1322 4249 argumentum
1342 4186 1373 4235 st
1395 4180 1437 4234 ad
1460 4180 1494 4234 fa

364 4268 458 4324 balam
476 4269 655 4342 Euripideam
673 4268 792 4337 aliquam
819 4276 846 4322 et
865 4268 901 4324 ad
920 4268 1086 4324 comoediam
1113 4276 1207 4339 aptum
1227 4276 1269 4325 est
1289 4275 1316 4323 et
1335 4285 1448 4324 revera
1471 4271 1494 4322 ir

363 4365 482 4428 utroque
501 4374 600 4427 genere
616 4356 770 4412 adhibitum
790 4365 839 4415 est.
