3098 5204
670 451 713 516 25

15 661 22 699 s
130 675 133 680 .
221 621 319 703 Quod
351 623 394 689 ad
417 623 559 689 ¹unicum
590 623 679 710 apud
700 619 948 711 Apollodorum
977 623 1087 692 locum
1117 624 1253 708 attinet,
1350 663 1352 666 ·

23 685 24 699 ³
132 724 267 792 Phorm.
291 727 365 809 728,
400 749 463 814 quo
488 727 664 815 Sophrona
686 749 887 815 magnopere
916 731 1122 817 perturbata
1149 732 1255 816 atque

133 830 266 898 consilii
296 831 392 918 inops
425 855 466 898 ex
496 832 634 900 aedibus
666 833 811 919 prosilit,
845 834 940 899 nohis
963 833 1110 921 imagine
1132 829 1255 902 codicis

5 953 25 1017 p,
133 936 306 1003 cuiusdam
339 937 461 1022 (Bothe
492 960 524 1025 p.
551 938 613 1004 117
629 938 674 1024 v.)
708 938 874 1005 actionem
908 937 1110 1006 histrionum
1140 943 1257 1006 notam

18 1095 22 1106 .
109 1061 208 1126 esse
238 1040 430 1127 gaudemus.
487 1042 562 1124 Qua
592 1043 628 1108 in
660 1043 805 1129 imagine
835 1043 955 1108 nutrix
985 1063 1083 1131 qnam
1113 1044 1256 1110 maxime
1317 1125 1320 1131 Ι
1426 1121 1429 1128 ,

133 1145 306 1213 concitata
335 1145 483 1233 porrigit
513 1146 653 1214 brachia
683 1147 719 1212 in
748 1146 870 1214 latera.
926 1147 1085 1235 Apparet
1116 1150 1257 1236 probum

4 1273 20 1333 ξς,
132 1249 336 1317 histrionem
359 1253 394 1317 et
416 1250 479 1316 hoo
501 1254 537 1316 et
561 1251 724 1318 similibus
747 1251 830 1319 locis
854 1273 997 1336 eausam,
1033 1274 1118 1340 quae
1142 1252 1256 1320 deesse

12 1415 20 1439 ᾗ
133 1353 282 1452 videtur,
316 1354 404 1442 quod
426 1355 540 1422 verbis
570 1377 637 1421 non
660 1353 796 1438 dicitur,
829 1356 963 1423 actione
986 1357 1082 1444 quasi
1104 1377 1256 1459 compen·
1288 1403 1291 1410 ψ

133 1479 209 1526 sare
231 1459 392 1545 potuisse.

222 1565 356 1650 Agmen
379 1563 519 1632 claudat
540 1565 675 1631 fabulae
698 1586 886 1651 anonymae
909 1565 1021 1632 locus:
1059 1565 1101 1632 In
1123 1565 1257 1632 Trucul.

3 1661 15 1711 ‘³‘
134 1693 166 1734 v.
184 1670 247 1734 322
270 1668 472 1736 Diniarchus
496 1692 570 1735 cum
592 1669 684 1736 intus
709 1669 743 1735 in
767 1669 904 1736 aedibus
928 1670 1106 1737 Phronesii
1129 1670 1256 1738 diutius

135 1773 167 1840 ei
190 1773 378 1839 durandum
401 1773 516 1856 fuerit,
541 1774 619 1840 dum
634 1775 799 1841 meretrix
816 1775 922 1858 lavat,
946 1775 1126 1864 impatiens
1142 1797 1257 1842 morae

2 1859 11 1890 o
134 1877 311 1964 egreditur
333 1878 389 1965 (cf.
413 1878 557 1964 Adelph.
582 1879 669 1965 899).

5 1977 7 1982 ’
222 1983 345 2071 Itaque
367 1988 408 2051 ut
430 1983 556 2070 paucis,
581 2005 666 2070 quae
688 1983 783 2050 nohis
807 1984 849 2051 de
871 1984 934 2051 hae
950 2005 1050 2050 causa
1065 1973 1144 2052 erui
1159 2007 1257 2072 posse
1356 2037 1359 2046 ,

6 2157 8 2160 ,
135 2086 324 2170 videantur,
358 2087 629 2174 complectamur,
662 2109 776 2168 causa¹
793 2089 836 2154 ab
858 2087 1022 2175 Euripide
1050 2089 1190 2156 inventa
1222 2092 1258 2158 et
1291 2108 1299 2120 ·

11 2245 12 2248 η
135 2193 179 2258 ad
201 2214 325 2279 graves
357 2195 393 2259 et
415 2191 576 2269 molestos
601 2191 703 2259 animi
726 2197 836 2260 motus
860 2194 1069 2281 affectusque
1094 2193 1257 2273 adhibita,

2 2338 6 2342 -
136 2299 178 2362 ab
203 2297 433 2384 Aristophane
456 2297 580 2383 grandi
610 2296 742 2363 dicendi
770 2319 895 2383 genera
924 2302 1036 2365 amoto
1068 2298 1258 2366 comoediae

135 2401 310 2488 adaptata,
346 2401 520 2469 acomicis
550 2401 720 2469 interdum
750 2401 793 2468 ad
822 2401 916 2469 aliud
944 2425 1050 2487 genus
1074 2403 1258 2470 affectuum

1 2579 3 2582 .
135 2506 307 2573 translata
330 2510 392 2573 est.
438 2507 492 2572 Ab
516 2505 681 2593 Euripide
697 2517 852 2592 'perraro
882 2511 1048 2594 usurpata
1078 2507 1167 2594 apud
1190 2507 1258 2574 Me-

1 2683 3 2686 ,
135 2609 302 2676 nandrum
324 2632 424 2698 saepe
446 2611 634 2693 invenitur;
668 2615 771 2698 atque
789 2634 839 2700 co
869 2612 1021 2678 crebrius
1052 2611 1195 2679 comicus
1220 2633 1259 2678 ea
1294 2613 1318 2647 ’-

136 2737 216 2782 usus
239 2719 301 2794 est,
326 2738 391 2802 quo
414 2715 528 2803 plures
551 2715 685 2782 fabulae
708 2738 764 2782 res
787 2739 855 2783 non
877 2716 913 2782 in
929 2738 1058 2800 scaena,
1084 2717 1142 2784 sed
1164 2717 1257 2783 intus

134 2825 254 2907 gestae
278 2825 371 2904 sunt;
397 2821 489 2886 cuius
512 2821 564 2886 rei
587 2819 714 2888 clarum
738 2824 881 2906 praehet
904 2821 1091 2909 exemplum
1106 2821 1257 2909 Discept.

136 2925 263 3006 fabula,
287 2948 328 2991 ex
351 2925 443 2991 cuius
467 2925 669 3010 fragmentis
693 2947 751 2992 sex
773 2925 864 2992 locos
889 2948 991 3013 supra
1014 2925 1118 2993 attuli
1130 2926 1166 3011 1),

222 3085 254 3149 b.
289 3084 375 3149 Eum
404 3085 461 3171 qui
490 3083 554 3149 huc
583 3106 688 3170 usque
711 3083 774 3149 hoc
797 3082 991 3172 opuseulum
1014 3084 1154 3171 legerit,
1190 3107 1258 3150 non

137 3188 298 3274 effugisse
320 3190 403 3274 puto
426 3187 536 3254 locum
559 3189 691 3255 Marcet
710 3183 827 3255 588ss.
850 3211 956 3276 supra
978 3188 1121 3255 allatum
1145 3188 1259 3275 aliqua

135 3293 269 3359 ratione
292 3292 431 3360 differre
454 3315 475 3359 a
497 3292 668 3380 plerisque
690 3292 731 3360 de
747 3291 871 3380 quibus
884 3293 1058 3380 disputavi
1080 3293 1162 3360 locis
1186 3297 1258 3360 tra·
1374 3313 1376 3318 ’

135 3397 277 3484 goediae
309 3401 344 3464 et
373 3397 570 3464 comoediae.
625 3395 790 3464 Charinus
823 3395 909 3464 enim
942 3395 1009 3464 non
1042 3395 1259 3464 solitudinem

137 3501 281 3589 quaerit,
306 3502 364 3570 sed
379 3502 530 3590 inquiete
548 3501 650 3569 animi
670 3502 705 3567 in
720 3502 824 3569 alium
839 3502 949 3569 locum
965 3524 1007 3568 ex
1022 3500 1089 3568 alio
1105 3501 1257 3589 pellitur.

135 3607 187 3674 Ea
209 3629 311 3674 causa
333 3607 504 3686 introitus,
540 3629 625 3694 quae
656 3607 726 3673 sine
756 3605 857 3673 dubio
889 3630 931 3673 ex
954 3608 1092 3692 egregia
1114 3607 1258 3694 quadam

136 3711 238 3776 animi
260 3711 395 3778 humani
428 3713 666 3778 observatione
699 3714 776 3777 orta
809 3715 872 3790 est,
906 3735 973 3777 non
1005 3712 1111 3798 magis
1141 3711 1258 3778 comici

134 3820 191 3883 'est
224 3817 398 3884 inventum
432 3839 531 3903 qnam
568 3816 630 3882 illa
667 3838 766 3903 quam
800 3816 951 3903 proximo
989 3815 1062 3883 loco
1095 3816 1256 3883 tractavi.

135 3920 250 3987 Etiam
273 3919 355 3988 haec
378 3944 419 3987 ex
442 3920 623 4006 tragoedia
646 3919 832 4008 Euripides
857 3922 894 3986 in
917 3920 1119 3987 comoediam
1143 3928 1255 3987 trans-

135 4026 209 4097 lata
232 4029 300 4092 est:

223 4130 359 4218 Hippol.
385 4131 457 4196 176.
491 4129 647 4197 Phaedra
669 4129 830 4216 languida
851 4131 887 4196 in
910 4130 999 4197 lecto
1022 4129 1132 4197 iacens
1155 4153 1176 4196 a
1198 4155 1257 4196 nu·

135 4235 221 4302 trice
253 4257 294 4301 ex
326 4234 463 4302 aedibus
487 4243 657 4321 portatur,
691 4235 780 4322 quod
811 4236 913 4302 animi
935 4237 1149 4324 perturbatio
1184 4257 1258 4302 eam

229 4404 255 4472 l)
276 4402 311 4455 ef.
332 4401 397 4467 Leo,
418 4403 554 4470 Monolog.
575 4420 601 4472 p.
620 4406 654 4457 39
675 4401 767 4456 adnot.
789 4407 811 4455 1.
