3098 5204
796 437 920 500 ·42

341 612 640 680 communicatione
671 611 947 700 observationum
978 633 1087 697 neque
1110 632 1152 676 ex
1174 609 1250 676 rixa
1272 609 1334 676 illa
1355 610 1457 675 forma

340 716 434 784 nasci
465 707 625 804 potuitb,
659 714 717 782 sed
741 739 779 782 eo
803 720 937 782 tantum
968 714 1052 795 loco,
1086 737 1151 801 quo
1174 713 1288 782 altera
1319 735 1457 800 persona

341 820 442 888 alteri
460 821 599 912 aliquid,
622 819 711 908 quod
728 819 841 886 altera
857 819 976 902 nescit,
1000 819 1160 885 narravit
1176 822 1276 885 extra
1299 840 1456 886 scaenam.

341 926 434 992 Talis
470 929 522 992 est
555 925 648 999 locus
683 924 774 990 Ionis
807 947 838 992 v,
870 925 943 1006 925,
986 947 1051 1009 quo
1086 946 1197 990 senem
1230 922 1457 1011 paedagogum

341 1029 524 1096 Erechthei
556 1034 593 1096 et
625 1029 786 1096 Creusam
817 1028 1049 1114 colloquentes
1082 1027 1213 1094 inducit
1243 1032 1360 1116 poeta3
1403 1029 1457 1093 hoo

310 1139 311 1143 ’
340 1137 413 1202 loco
436 1136 580 1223 primum
603 1157 676 1202 eam
697 1134 842 1200 formam
864 1132 1013 1216 adhibet,
1047 1143 1151 1219 quam
1177 1137 1295 1218 postea
1316 1133 1353 1198 in
1374 1153 1458 1200 noua

340 1239 511 1308 comoedia
532 1243 605 1306 tam
628 1260 729 1326 saepe
751 1238 950 1320 invenimus
974 1243 1013 1304 ut
1037 1260 1096 1304 nos
1120 1260 1226 1324 paene
1249 1237 1404 1304 taedeat:
1490 1317 1493 1324 Δ

340 1381 459 1446 92583.
490 1382 515 1442 ῶ
541 1379 680 1464 θύγατερ,
705 1375 803 1441 οἴκτου
829 1377 879 1441 σὸν
904 1379 1020 1464 βλέπων
1044 1378 1254 1462 ἐμπίμπλαμαι

489 1485 657 1568 πρόσωπον,
681 1481 738 1556 ἔξω
763 1481 936 1568 δ’ἐγενόμην
960 1486 1081 1568 γνώμης
1104 1486 1177 1568 ἐμῆς

490 1597 591 1653 κακῶν
615 1587 671 1674 γὰρ
697 1579 761 1673 ἄρτι
783 1593 851 1672 κῦμ’
875 1589 1062 1659 ὑπεξαντλῶν
1086 1589 1180 1674 φρενί,

490 1694 663 1778 πρύμνηθεν
688 1693 765 1778 αἴρει
790 1685 895 1777 μ’ὃῖλλο
920 1700 980 1756 σῶν
1004 1693 1100 1775 λόγων
1125 1693 1190 1774 ὕπο,
1263 1749 1266 1754 .

491 1799 541 1871 οὓς
564 1801 734 1883 ἐκβαλοῦσα
756 1805 815 1862 τῶν
839 1788 1036 1887 παρεστῶτῶν
1061 1811 1158 1864 κακῶν

490 1906 636 1989 μετῆλθες
661 1895 761 1968 ἄλλων
784 1903 930 1987 πημάτων
954 1901 1056 1976 καινὰς
1081 1905 1177 1976 ὁδούς.

487 2011 520 2072 τί
544 2012 632 2094 (pbr,
655 2009 740 2092 τίνα
763 2010 879 2090 λόγον
901 2009 1330 2092 Λοξίοοκατηγομεῖς;

490 2118 601 2178 ποῖον
625 2117 752 2177 τεκεῖν
780 2113 852 2198 φὴς
876 2116 1012 2189 παῖδας
1037 2117 1107 2178 ποῦ
1133 2116 1266 2176 θεῖναι
1289 2111 1439 2182 πόλεως

491 2219 629 2304 θηρσὶν
655 2219 767 2302 φίλον
791 2219 995 2302 θύμβεομε
1022 2209 1254 2301 ἄνελθέμοι
1278 2217 1403 2281 πάλιν.

283 2417 284 2421 ,
341 2363 499 2446 Apparet
523 2383 602 2448 ergo
626 2382 737 2426 senem
753 2359 864 2426 omnia
886 2360 952 2425 iam
976 2358 1118 2437 audisse,
1144 2377 1229 2446 quae
1246 2357 1373 2424 Creusa
1391 2380 1460 2422 oum

341 2487 379 2531 eo
403 2465 511 2530 denuo
535 2465 771 2548 communicat;
805 2469 920 2531 tamen
950 2465 1074 2530 iterum
1107 2464 1223 2530 audire
1255 2462 1341 2546 vult,
1376 2462 1461 2550 quod

340 2569 441 2635 malis
458 2571 559 2636 rebus
576 2568 720 2636 Creusae
744 2569 801 2640 ἔξω
825 2571 946 2652 γνώμης
970 2569 1086 2650 ἐγένετο
1105 2568 1150 2654 (ν.
1167 2568 1244 2655 926)
1261 2571 1296 2634 et
1312 2570 1459 2648 veretur,

340 2697 382 2740 ne
405 2698 472 2750 non
495 2674 607 2740 omnia
629 2679 721 2741 recte
745 2674 946 2762 perceperit.
995 2673 1124 2740 Deinde
1146 2695 1253 2760 usque
1276 2672 1319 2738 ad
1342 2695 1374 2739 v.
1399 2673 1461 2738 965

341 2779 469 2846 Creusa
492 2779 523 2844 ei
544 2779 682 2866 repetit,
716 2800 800 2865 quae
823 2778 890 2845 iam
913 2781 993 2845 ante
1015 2777 1181 2844 narravit.
1227 2777 1320 2844 Haec
1341 2777 1461 2843 iterari

341 2886 569 2970 spectatorum
592 2904 660 2949 non
683 2873 862 2966 interemi,
894 2905 968 2949 cum
1001 2903 1113 2949 omnes
1143 2872 1201 2948 vres
1234 2883 1302 2948 iam
1325 2905 1367 2948 ex
1386 2905 1461 2969 pro-

339 2989 418 3073 logo
449 2987 612 3054 Mercurii
643 2988 798 3074 cognitas
830 2988 1010 3066 haberent,
1049 2987 1107 3061 sed
1140 2989 1261 3070 nescio,
1295 3009 1339 3053 an
1371 2987 1462 3052 chori

340 3115 449 3176 causa,
492 3092 549 3180 qui
584 3093 695 3158 omnia
729 3093 911 3180 comperire
946 3092 1091 3159 debebat
1125 3092 1305 3158 secundum
1338 3114 1463 3158 morem

340 3198 519 3285 tragicum,
544 3189 723 3285 Euripides
746 3197 832 3264 hane
854 3197 975 3264 miram
998 3196 1142 3263 formam
1165 3196 1367 3278 adhibuerit,
1397 3218 1463 3282 qua

340 3304 453 3378 etiam,
489 3307 527 3369 ut
551 3303 656 3369 senile
681 3302 853 3388 ingenium
875 3301 1065 3390 paedagogi
1089 3300 1296 3390 depingeret,
1330 3300 1383 3369 uti
1406 3323 1463 3386 po·

340 3409 444 3486 terat.
491 3406 608 3495 Neque
640 3407 747 3494 magis
781 3407 1029 3494 spectatoribus
1064 3430 1146 3494 opus
1183 3409 1258 3472 erat
1289 3407 1325 3471 in
1357 3404 1463 3480 Pluto

340 3512 592 3601 Aristophanes
605 3511 723 3580 fabula
737 3512 872 3579 chorum
886 3534 908 3578 a
925 3511 1078 3596 Carione,
1101 3515 1282 3599 postquam
1297 3510 1464 3578 adductus

340 3621 402 3700 est,
425 3617 552 3684 iterum
574 3639 748 3707 quaerere,
773 3639 833 3682 our
857 3617 1058 3703 Chremylus
1083 3639 1157 3682 eum
1179 3616 1382 3700 advocaret;
1409 3619 1465 3682 eui

341 3721 442 3789 Cario
474 3722 549 3788 iure
580 3707 763 3809 respondet
774 3721 797 3807 ²)
821 3744 852 3788 v.
877 3723 960 3786 261:
997 3720 1101 3784 οὔκουν
1125 3719 1217 3784 πάλαι
1244 3723 1340 3804 δήπου
1363 3721 1463 3803 λέγωζ

433 3933 459 4002 1)
478 3933 611 3986 Nimirum
631 3931 721 3986 forma
748 3933 930 4000 repetitionis,
960 3940 1105 4000 postquam
1125 3933 1235 3986 exculta
1254 3939 1304 3992 est.
1333 3933 1415 3986 etiam
1438 3934 1465 3987 in

339 4023 399 4076 rixa
420 4029 462 4075 est
481 4027 622 4089 usurpata.

431 4113 459 4179 2)
480 4111 650 4165 Scholiastae
669 4127 730 4166 eum
750 4127 829 4166 senes
848 4109 984 4164 ludificari
1003 4117 1117 4179 putant:
1147 4153 1151 4164 .
1173 4153 1177 4162 .
1199 4152 1204 4164 .
1225 4113 1417 4182 concrepemus
1441 4115 1465 4167 δὲ

340 4203 420 4263 παίζει
440 4201 623 4272 μηδὲνείπῶν.
660 4200 756 4268 Neque
774 4203 943 4255 Leeuwenus
971 4200 1061 4270 (adv.
1082 4202 1155 4270 261),
1184 4203 1230 4267 qui
1249 4202 1317 4255 haec
1336 4201 1465 4269 scripsit:

341 4289 443 4358 „Senes
469 4289 606 4344 surdastri
629 4289 777 4358 finguntur,
803 4291 914 4362 γερόντια
933 4291 1067 4363 indumen,
1092 4296 1124 4343 ut
1143 4291 1244 4344 Demus
1270 4291 1343 4358 ille“‚
1369 4291 1461 4348 imita-

340 4380 441 4434 tionem
461 4379 602 4448 Euripidis
623 4381 716 4434 sensit.
