3098 5204
885 438 929 504 48

432 610 567 678 Hercul.
593 611 688 676 1163.
735 609 884 678 Theseus
908 612 997 701 qnod
1020 635 1152 680 rumore
1181 613 1313 702 accepit
1335 613 1476 700 Lycum

343 719 540 802 cumgente
563 715 721 782 Herculis
745 737 897 803 pugnare
921 739 995 783 cum
1017 717 1122 804 copiis
1146 718 1297 786 advolat.

429 819 540 888 Orest.
565 822 659 888 1554.
706 821 878 888 Menelaus
913 822 954 888 de
984 822 1119 889 Orestis
1154 822 1304 890 facinore
1339 824 1474 890 certior

342 925 454 990 factus
477 924 638 993 accurrit.

430 1029 513 1096 Cum
534 1029 587 1096 his
610 1029 693 1096 locis
709 1030 964 1097 555155550151.
980 1053 1013 1097 v.
1030 1031 1103 1112 774,
1128 1053 1193 1118 quo
1209 1031 1282 1100 loeo
1300 1031 1470 1118 Demipho

341 1134 461 1200 nuntio
484 1133 602 1202 andito
626 1135 690 1200 sibi
711 1135 816 1202 filiam
839 1157 910 1202 esse
933 1135 1108 1202 inventam
1131 1136 1264 1202 domurn
1295 1135 1398 1218 redit,
1434 1139 1471 1202 51

342 1237 524 1305 Trinumm.
548 1262 579 1306 v.
606 1239 699 1321 1115,
731 1261 796 1326 quo
819 1240 892 1305 loco
916 1239 1087 1328 Lysiteles
1113 1239 1333 1322 Charmidem,
1368 1261 1470 1326 quem

204 1429 205 1434 ἵ
341 1365 484 1430 peregre
506 1343 683 1410 advenisse
706 1344 878 1430 comperit,
903 1347 1132 1412 conventurus
1154 1344 1316 1432 procedit.

429 1447 495 1514 Sed
526 1447 674 1514 fortasse
706 1448 831 1515 obicias
865 1448 927 1514 hac
958 1448 1092 1515 ratione
1115 1453 1150 1516 at
1180 1449 1330 1536 tragicos
1354 1452 1391 1516 51
1414 1471 1467 1514 co-

340 1551 443 1618 micos
466 1575 533 1619 non
555 1574 634 1618 raro
649 1574 728 1620 usos
745 1575 825 1620 esse.
869 1553 943 1619 Iam
961 1553 997 1619 in
1012 1553 1117 1621 Aiace
1133 1553 1319 1642 Sophoclea
1335 1553 1466 1620 Teucer

340 1653 414 1744 ipse
436 1679 473 1722 55
495 1679 629 1724 555555
644 1657 686 1723 55
702 1657 817 1724 Aiacis
832 1665 943 1724 morte
966 1657 1084 1724 audito
1108 1658 1172 1724 huo
1194 1657 1327 1725 venisse
1341 1667 1463 1724 narrat

341 1761 571 1847 (aaa-1001).
594 1830 596 1834 ,
616 1762 669 1828 At
690 1746 745 1828 hic
767 1762 859 1828 locus
884 1762 992 1849 555515
1021 1766 1155 1829 tantum
1177 1762 1247 1829 illis
1271 1761 1465 1850 Euripideis

342 1865 459 1932 similis
494 1868 560 1956 551;
594 1887 632 1932 55
666 1887 750 1934 5555
784 1866 871 1934 enim
900 1865 1075 1934 Tecmessa
1107 1867 1271 1934 Teucrum
1305 1866 1466 1934 advocari

258 2032 259 2041 ,
329 1969 491 2038 iusserat
513 1971 612 2056 (804),
636 1993 703 2058 qua
717 1993 754 2037 55
771 1975 969 2038 commotum
993 1995 1068 2038 eum
1089 1973 1227 2062 prodire
1250 1973 1353 2039 etiam
1371 1971 1464 2038 scho-

340 2073 424 2140 lium
446 2075 489 2141 ad
512 2099 543 2142 v.
563 2076 628 2141 977
651 2075 823 2142 5555151.Ι
851 2075 981 2144 Deinde
1004 2075 1069 2143 huc
1091 2077 1244 2164 pertinet
1266 2077 1358 2144 locus
1382 2076 1462 2142 Oed.

341 2201 411 2266 reg.
433 2204 466 2246 v.
483 2181 556 2262 513,
579 2203 646 2268 quo
670 2180 755 2247 Creo
779 2182 959 2266 compertis
982 2181 1176 2256 criminibus
1199 2182 1399 2269 iniuriisque
1422 2183 1463 2248 ab

341 2284 512 2372 Oedipode
536 2285 601 2351 sibi
622 2285 731 2352 illatis
754 2286 865 2351 155155
888 2286 923 2351 15
947 2307 1099 2354 scaenam
1130 2286 1256 2373 prodit.
1302 2284 1463 2353 Profecto

341 2389 395 2455 hic
417 2389 508 2456 locus
540 2390 689 2456 eiusdem
719 2390 921 2457 condicionis
954 2394 1017 2473 est,
1051 2413 1137 2478 quac
1159 2392 1195 2458 15
1217 2391 1390 2478 Euripidis
1413 2391 1462 2458 fa·

340 2493 428 2560 bulis
451 2495 632 2562 invenitur.

426 2601 544 2666 Aliter
565 2625 620 2668 res
644 2624 679 2667 55
702 2601 804 2668 habet
826 2602 862 2666 in
883 2602 1008 2668 fabulis
1033 2601 1311 2690 Aristophaueis;
1340 2601 1375 2668 in
1397 2600 1461 2666 fine

341 2706 428 2772 enim
450 2706 599 2772 Acheru.
622 2727 794 2794 personas,
829 2728 914 2792 quae
950 2709 1029 2793 post
1051 2729 1084 2771 v.
1108 2707 1172 2770 729
1203 2705 1377 2788 accedunt,
1410 2729 1460 2772 re-

340 2811 586 2877 nuntiationem
606 2810 1022 2897 1)155555511515(71955.)
1041 2811 1209 2878 audivisse
1233 2810 1385 2897 cogitare
1407 2809 1460 2875 de-

340 2916 464 2992 hemus,
483 2921 533 2980 -et
554 2915 615 2996 1111,
650 2915 707 3002 qui
728 2916 804 3003 5551
833 2915 930 2981 5555
966 2915 1002 2981 15
1025 2917 1091 2982 fine
1113 2914 1211 2982 Pacis
1234 2914 1332 3001 (1052
1347 2913 1404 3001 55.)
1425 2915 1458 2980 15

213 3061 218 3076 ·
341 3019 706 3107 scaenam'prodeunt,
741 3019 857 3086 eadem
890 3021 1023 3087 ratione
1058 3019 1098 3086 de
1130 3018 1290 3108 Trygaeo
1325 3019 1458 3106 eiusque

340 3124 441 3190 factis
474 3125 695 3208 resciverunt,
730 3145 796 3214 qua
832 3147 862 3190 v.
896 3125 959 3190 302
994 3147 1107 3192 omnes
1143 3123 1300 3206 Graecos,
1335 3147 1367 3190 v,
1397 3123 1457 3188 465
1525 3127 1526 3175 l

340 3230 488 3295 Boeotos
511 3251 609 3296 55555
638 3252 858 3316 personarum
891 3231 926 3295 in
961 3251 1082 3296 555555
1116 3228 1323 3296 versantium
1346 3229 1456 3294 audire

339 3337 443 3421 poeta
465 3333 581 3419 fingit:
613 3335 649 3400 15
669 3321 802 3401 Avibus
831 3338 945 3401 autem
975 3334 1145 3401 mendicus
1168 3334 1227 3400 ille
1250 3336 1352 3420 poeta
1374 3334 1455 3416 (904)

341 3442 376 3504 51
410 3439 466 3526 qui
502 3461 576 3505 eum
608 3447 802 3527 sequuntur,
836 3441 873 3506 in
907 3461 1061 3526 scaenam
1096 3440 1245 3520 veniunt,
1281 3442 1454 3526 postquam
1524 3519 1525 3528 ἵ

340 3535 1038 3632 584355.Ρ111151555555551Ε5515155
1072 3544 1209 3609 nuntios
1239 3542 1283 3609 ad
1312 3543 1453 3609 homines
1524 3567 1525 3590 ¹

340 3649 477 3716 515555
501 3648 685 3715 mittendos
720 3671 793 3715 esse
827 3650 1007 3716 5555111511
1015 3675 1022 3734 ;
1059 3649 1118 3735 qui
1149 3649 1262 3714 nuntii
1296 3669 1333 3714 55
1367 3669 1453 3728 vera,

340 3774 412 3822 555
446 3757 549 3840 55515
580 3743 707 3841 555511,
742 3754 888 3820 555555
922 3755 1013 3820 51551
1048 3756 1136 3836 5551,
1173 3753 1262 3840 quod
1288 3753 1454 3822 moenibus

339 3860 434 3925 urbis
458 3859 643 3926 aedificatis
674 3859 804 3926 demum
832 3860 969 3926 nuntios
999 3858 1185 3926 mittendos
1209 3881 1281 3926 esse
1304 3857 1451 3925 decreve-

339 3969 428 4030 rant.
475 3963 541 4032 Sed
555 3963 696 4030 ridicule
719 3968 822 4051 poeta
844 3969 957 4031 tamen
981 3965 1047 4030 1515
1071 3959 1199 4030 certior
1215 3963 1326 4029 factus
1350 3962 1450 4028 55155
1523 4053 1524 4056 ¹

340 4069 612 4154 Nubilocuculia;
648 4071 761 4136 musae
792 4071 879 4136 5515
911 4091 985 4136 eum
1008 4068 1217 4136 edocuerunt
1240 4071 1283 4151 (v.
1308 4069 1449 4152 924ss.);
1523 4091 1524 4132 l

340 4197 404 4263 quo
428 4173 525 4239 modo
549 4174 797 4260 Aristophanes
826 4174 920 4240 illam
943 4173 1205 4261 discrepantiam
1227 4177 1388 4239 excusare
1408 4173 1451 4238 vi-

340 4280 440 4346 detur
462 4278 619 4346 voluisse.
665 4279 759 4346 Unus
790 4280 882 4345 locus
904 4279 1185 4365 Aristophaneus,
1217 4278 1277 4366 qui
1309 4299 1346 4344 55
1379 4299 1451 4344 vera

339 4384 527 4472 comparari
548 4388 674 4471 potest,
698 4385 733 4449 in
755 4384 858 4450 Pluto
881 4383 1028 4470 legitur:
1054 4407 1084 4450 v.
1109 4385 1181 4448 335:
1225 4373 1461 4470 Blepsidemuss
