3098 5204
860 448 1013 512 54-

317 623 464 690 vendum
496 627 557 702 est,
592 645 633 690 ue
649 623 737 700 baec
760 625 868 689 verba
888 621 978 688 falso
1002 621 1268 708 intellegantur3
1301 621 1441 690 licentia

205 765 206 768 =
320 727 407 793 enim
431 727 639 814 tragicorum
662 749 792 813 semper
813 727 914 793 certis
938 725 1059 793 finibus
1082 728 1160 792 erat
1189 727 1442 815 circumscripta

318 853 427 919 neque
431 821 683 918 Sbakespearii
706 830 868 912 socordia,
892 831 950 918 qui
972 852 1090 897 causas
1113 830 1258 936 adeundi
1280 833 1441 944 tanquam

318 957 372 1002 res
394 935 548 1002 minimas
571 958 638 1003 non
660 943 767 1018 curat,
800 935 848 1003 eis
873 956 1017 1024 unquam
1040 925 1210 1022 permissa
1211 917 1311 1016 'erat
1359 935 1441 1002 Cum

317 1039 470 1127 plurimis
493 1041 575 1108 locis
592 1039 782 1108 fabularum
800 1039 1010 1128 tragicarum
1027 1039 1141 1106 aditus
1160 1063 1262 1108 causa
1284 1046 1440 1108 accurate

317 1142 497 1226 indicetur,
529 1139 625 1212 unde
649 1148 769 1233 poetas
803 1145 866 1212 sibi
901 1144 1153 1220 observantiam
1182 1145 1441 1232 praescripsisse

318 1254 473 1338 apparet,
496 1272 564 1337 qua
586 1271 704 1319 causas
721 1249 866 1340 adeundi
883 1252 1027 1337 probare
1044 1250 1261 1336 cogebantur,
1285 1252 1359 1318 tum
1376 1274 1441 1316 nou

318 1355 420 1422 nullis
441 1355 544 1445 locis,
579 1355 699 1442 quibus
731 1377 832 1422 causa
865 1354 1010 1422 adeundi
1041 1377 1109 1421 non
1139 1354 1277 1437 dicitur,
1313 1358 1441 1422 certam

287 1495 289 1502 ·
317 1459 485 1548 quandam
524 1469 634 1527 artem
674 1446 894 1542 adhibebant,
931 1465 966 1527 et
996 1459 1152 1526 Herculis
1185 1482 1316 1548 quoque
1347 1459 1440 1527 locus

317 1565 360 1632 ad
385 1588 481 1653 quem
499 1564 560 1632 ille
577 1565 630 1630 vir
644 1565 856 1632 doctissimus
878 1565 962 1632 haec
986 1559 1140 1647 adnotat,
1162 1565 1199 1630 in
1217 1564 1280 1631 hoc
1303 1587 1440 1631 numero

318 1669 492 1738 habendus
517 1674 586 1736 est:

405 1774 448 1840 In
471 1775 570 1862 Sopb.
595 1775 714 1861 Antig.
738 1797 769 1842 v.
795 1776 867 1858 387,
900 1777 1081 1862 postquam
1105 1778 1216 1842 custos
1245 1796 1319 1840 oum
1341 1773 1441 1839 Anti·

299 1902 407 1969 'gona
430 1881 587 1967 captain
609 1901 762 1946 scaenam
781 1879 953 1966 ingressus
971 1881 1034 1958 est,
1060 1879 1146 1946 Creo
1162 1878 1255 1945 forte
1280 1901 1321 1944 ex
1344 1877 1441 1965 regia

317 1983 488 2072 procedit;
513 1985 631 2051 chorus
656 1983 726 2050 eius
750 1983 934 2050 adventum
956 1985 1196 2072 praenuntiat:
1221 1985 1264 2048 ὅδ’
1288 1985 1322 2045 ἐκ
1339 1984 1438 2067 δόμων

319 2081 448 2175 ἄψορρος
473 2092 525 2162 εἰς
551 2091 638 2154 δέον
662 2091 745 2173 περᾷ,
761 2089 842 2176 ‚ipse
865 2092 979 2155 autern
1001 2088 1212 2175 interrogat:
1237 2088 1329 2173 τοίομ
1353 2087 1440 2171 ξύμ·

320 2221 457 2283 μετρος
480 2195 612 2280 προύβην
635 2195 728 2280 adm

346 2312 350 2321 “
404 2300 446 2365 In
470 2299 549 2366 Oed.
573 2321 643 2385 reg.
667 2299 787 2365 auia
811 2297 897 2364 Creo
926 2320 1062 2364 rumore
1092 2297 1133 2364 de
1163 2299 1289 2366 iniuria
1312 2299 1377 2366 sibi
1400 2300 1440 2365 ab
1539 2357 1540 2362 ,

244 2435 247 2439 ’
318 2403 488 2491 Oedipode
504 2404 612 2470 allata
627 2408 810 2470 commotus
833 2403 968 2470 aliunde
991 2403 1028 2469 in
1051 2424 1205 2470 scaenam
1227 2404 1338 2487 venit,
1365 2402 1440 2469 dein

319 2507 492 2596 Oedipus
482 2531 553 2595 ipse
570 2507 679 2574 neseio
692 2529 758 2596 qua
774 2529 876 2574 eausa
891 2507 1091 2590 adducitur,
1109 2507 1227 2574 chorus
1241 2507 1325 2574 dicit
1337 2507 1439 2593 (531):

528 2630 616 2702 αὐτὸς
640 2625 664 2692 δ’
690 2625 775 2692 db>v
757 2633 817 2714 ηδη
843 2631 990 2714 δωμάτων
1016 2630 1073 2700 ἔξω
1097 2629 1187 2714 περοῖ

320 2737 403 2818 Cum
434 2745 540 2819 tertia
571 2773 717 2839 persona
746 2774 788 2818 ex
818 2753 915 2838 regia
945 2752 1062 2839 prodit
1080 2751 1220 2818 Iocasta
1243 2753 1344 2838 (634),
1370 2773 1441 2818 eam

320 2857 489 2923 commode
512 2857 671 2924 accedere
694 2857 812 2922 chorus
837 2857 920 2923 dicit
943 2857 1050 2942 (63l):

738 2981 893 3064 καιρίαν
918 2981 1015 3064 δ’ὑμῖν
1040 2982 1101 3064 ὁρῶ

469 3094 471 3100 ’
530 3081 608 3168 τήνδ’
635 3086 668 3147 ἐκ
693 3085 794 3168 δόμων
817 3085 992 3170 στείχουσαν
1018 3084 1171 3168 Ἰοκάστην
1197 3136 1203 3148 .
1229 3135 1236 3148 .
1262 3135 1268 3148 .

407 3207 480 3274 Ηοο
502 3207 574 3274 loeo
598 3207 805 3290 vocabulum,
841 3207 940 3294 quod·
963 3206 1015 3274 est
1037 3207 1162 3292 καιρίαν,
1197 3228 1302 3293 aeque
1334 3209 1441 3294 atque

321 3333 418 3378 voces
451 3315 491 3384 εἰς
523 3314 589 3376 δέον
623 3316 659 3379 et
691 3313 852 3398 Εύμμετρος
875 3313 946 3400 ποία
968 3315 1045 3399 τύχῃ
1080 3335 1147 3379 non
1178 3311 1367 3394 adhibetur,
1402 3315 1442 3378 ut

321 3421 529 3504 spectatores
552 3439 684 3484 causam
707 3418 822 3484 deesse
837 3441 904 3483 non
920 3419 1082 3500 sentiant,
1107 3417 1194 3505 quod
1209 3410 1441 3484 Weckleinius

320 3521 411 3608 (vide
443 3522 555 3588 adnot.
580 3511 633 3588 ad'
648 3522 766 3608 Antig.
793 3547 825 3589 v.
849 3523 926 3610 387)
950 3523 1126 3610 opinatur,
1161 3523 1259 3588 immo
1291 3521 1343 3587 his
1366 3543 1441 3608 per·

322 3627 412 3694 sonis
436 3649 536 3693 causa
559 3626 753 3714 prodeundi
784 3650 851 3693 non
881 3649 963 3714 opus
997 3632 1065 3712 est3
1099 3626 1216 3714 quidni
1238 3625 1441 3693 exaedibus

322 3754 404 3819 quas
428 3732 586 3798 habitant
607 3731 778 3798 interdurn
805 3731 1049 3818 egrediantur?
1293 3725 1294 3728 '

409 3836 536 3902 Eodem
567 3857 705 3902 scaenae
738 3836 878 3902 exordio
910 3860 989 3902 usus
1020 3841 1074 3903 est
1104 3836 1283 3923 Euripides
1307 3836 1343 3901 in
1365 3835 1441 3902 Alc.

321 3942 401 4010 509:
424 3941 610 4028 Postquam
626 3941 788 4009 Hercules
811 3940 958 4024 aliunde,
981 3943 1080 4008 utin
1103 3942 1201 4008 aedes
1224 3941 1368 4028 hospitis
1385 3941 1441 4007 de-

321 4047 529 4128 verteretur,
547 4045 589 4110 in
612 4067 765 4113 scaenam
787 4047 892 4129 venit,
916 4045 1082 4113 Admetus
1106 4051 1151 4130 (v.
1176 4047 1314 4112 botes:

406 4246 407 4250 Ἰ
520 4166 572 4232 καὶ
595 4167 652 4252 μὴν
675 4169 719 4232 ὅδ’
745 4167 832 4240 αὐτὸς
854 4173 945 4253 τῆσδε
967 4169 1102 4254 κοίρανος
1125 4167 1235 4255 χθονὸς

517 4272 664 4358 Ἄδμητος
687 4273 743 4344 ἔξω
769 4273 916 4357 δωμάτων
938 4274 1120 4360 πορεύεται.)

318 4379 448 4466 regiam
470 4378 633 4466 relinquit
654 4379 749 4444 nulla
772 4400 873 4445 causa
896 4378 1070 4445 adductus.
