<?xml version="1.0" encoding="UTF-8"?>
<!DOCTYPE html PUBLIC "-//W3C//DTD XHTML 1.0 Transitional//EN"
    "http://www.w3.org/TR/xhtml1/DTD/xhtml1-transitional.dtd">
<html xmlns="http://www.w3.org/1999/xhtml" xml:lang="en" lang="en">
 <head>
  <title>
</title>
<meta http-equiv="Content-Type" content="text/html;charset=utf-8" />
  <meta name='ocr-system' content='tesseract 3.04.00' />
  <meta name='ocr-capabilities' content='ocr_page ocr_carea ocr_par ocr_line ocrx_word'/>
</head>
<body>
  <div class='ocr_page' id='page_1' title='image "./deintroituperso00harmgoog_0043.png"; bbox 0 0 3098 5204; ppageno 0'>
   <div class='ocr_carea' id='block_1_1' title="bbox 798 409 906 473">
    <p class='ocr_par' dir='ltr' id='par_1_1' title="bbox 798 409 906 473">
     <span class='ocr_line' id='line_1_1' title="bbox 798 409 906 473; baseline 0 0"><span class='ocrx_word' id='word_1_1' title='bbox 798 409 906 473; x_wconf 49' lang='grc' dir='ltr'><strong>Ἰ32</strong></span> 
     </span>
    </p>
   </div>
   <div class='ocr_carea' id='block_1_2' title="bbox 305 581 1442 1904">
    <p class='ocr_par' dir='ltr' id='par_1_2' title="bbox 316 581 1442 1506">
     <span class='ocr_line' id='line_1_2' title="bbox 317 581 1442 669; baseline 0 -21"><span class='ocrx_word' id='word_1_2' title='bbox 317 581 495 669; x_wconf 81' lang='lat' dir='ltr'><strong>Aristoph.</strong></span> <span class='ocrx_word' id='word_1_3' title='bbox 520 583 586 649; x_wconf 88' lang='lat' dir='ltr'><strong>Av.</strong></span> <span class='ocrx_word' id='word_1_4' title='bbox 611 607 642 649; x_wconf 91' lang='lat' dir='ltr'><strong>v.</strong></span> <span class='ocrx_word' id='word_1_5' title='bbox 668 582 753 648; x_wconf 93' lang='grc'>1118</span> <span class='ocrx_word' id='word_1_6' title='bbox 765 605 823 664; x_wconf 88' lang='lat' dir='ltr'><strong>ss.;</strong></span> <span class='ocrx_word' id='word_1_7' title='bbox 857 603 934 647; x_wconf 90' lang='lat' dir='ltr'><strong>nam</strong></span> <span class='ocrx_word' id='word_1_8' title='bbox 957 581 1064 668; x_wconf 90' lang='lat' dir='ltr'><strong>primo</strong></span> <span class='ocrx_word' id='word_1_9' title='bbox 1089 584 1300 668; x_wconf 84' lang='lat' dir='ltr'><strong>spectatores</strong></span> <span class='ocrx_word' id='word_1_10' title='bbox 1324 582 1442 669; x_wconf 86' lang='lat' dir='ltr'><strong>paucis</strong></span> 
     </span>
     <span class='ocr_line' id='line_1_3' title="bbox 319 685 1442 773; baseline -0.004 -19"><span class='ocrx_word' id='word_1_11' title='bbox 319 686 360 754; x_wconf 90' lang='lat' dir='ltr'><strong>de</strong></span> <span class='ocrx_word' id='word_1_12' title='bbox 383 689 485 753; x_wconf 91' lang='lat' dir='ltr'><strong>rebus</strong></span> <span class='ocrx_word' id='word_1_13' title='bbox 506 687 599 753; x_wconf 88' lang='lat' dir='ltr'><strong>intus</strong></span> <span class='ocrx_word' id='word_1_14' title='bbox 622 687 731 773; x_wconf 81' lang='lat' dir='ltr'><strong>gestis</strong></span> <span class='ocrx_word' id='word_1_15' title='bbox 754 687 918 754; x_wconf 86' lang='lat' dir='ltr'><strong>certiores</strong></span> <span class='ocrx_word' id='word_1_16' title='bbox 940 685 1036 769; x_wconf 86' lang='lat' dir='ltr'><strong>fiunt,</strong></span> <span class='ocrx_word' id='word_1_17' title='bbox 1070 686 1189 753; x_wconf 90' lang='lat' dir='ltr'><strong>deinde</strong></span> <span class='ocrx_word' id='word_1_18' title='bbox 1218 686 1340 754; x_wconf 90' lang='lat' dir='ltr'><strong>vocula</strong></span> <span class='ocrx_word' id='word_1_19' title='bbox 1363 687 1442 752; x_wconf 82' lang='grc' dir='ltr'>ἀλλὰ</span> 
     </span>
     <span class='ocr_line' id='line_1_4' title="bbox 317 790 1440 879; baseline 0 -21"><span class='ocrx_word' id='word_1_20' title='bbox 317 814 470 878; x_wconf 86' lang='lat' dir='ltr'><strong>persona,</strong></span> <span class='ocrx_word' id='word_1_21' title='bbox 495 813 580 879; x_wconf 84' lang='lat' dir='ltr'><strong>quae</strong></span> <span class='ocrx_word' id='word_1_22' title='bbox 596 790 690 874; x_wconf 87' lang='lat' dir='ltr'><strong>exiit,</strong></span> <span class='ocrx_word' id='word_1_23' title='bbox 714 813 750 858; x_wconf 85' lang='lat' dir='ltr'><strong>se</strong></span> <span class='ocrx_word' id='word_1_24' title='bbox 772 791 816 857; x_wconf 88' lang='lat' dir='ltr'><strong>ad</strong></span> <span class='ocrx_word' id='word_1_25' title='bbox 839 813 911 858; x_wconf 87' lang='lat' dir='ltr'><strong>eam</strong></span> <span class='ocrx_word' id='word_1_26' title='bbox 931 813 1012 872; x_wconf 90' lang='lat' dir='ltr'><strong>rem,</strong></span> <span class='ocrx_word' id='word_1_27' title='bbox 1037 813 1104 879; x_wconf 85' lang='lat' dir='ltr'><strong>qua</strong></span> <span class='ocrx_word' id='word_1_28' title='bbox 1118 795 1284 858; x_wconf 86' lang='lat' dir='ltr'><strong>commotu</strong></span> <span class='ocrx_word' id='word_1_29' title='bbox 1298 791 1440 879; x_wconf 86' lang='lat' dir='ltr'><strong>prodiit,</strong></span> 
     </span>
     <span class='ocr_line' id='line_1_5' title="bbox 317 895 1442 983; baseline 0 -21"><span class='ocrx_word' id='word_1_30' title='bbox 317 899 456 964; x_wconf 87' lang='lat' dir='ltr'><strong>revocat</strong></span> <span class='ocrx_word' id='word_1_31' title='bbox 478 901 514 963; x_wconf 88' lang='lat' dir='ltr'><strong>et</strong></span> <span class='ocrx_word' id='word_1_32' title='bbox 537 895 690 978; x_wconf 84' lang='lat' dir='ltr'><strong>miratur,</strong></span> <span class='ocrx_word' id='word_1_33' title='bbox 724 917 861 976; x_wconf 87' lang='lat' dir='ltr'><strong>curnam</strong></span> <span class='ocrx_word' id='word_1_34' title='bbox 883 895 922 978; x_wconf 85' lang='lat' dir='ltr'><strong>is,</strong></span> <span class='ocrx_word' id='word_1_35' title='bbox 954 918 1052 982; x_wconf 85' lang='lat' dir='ltr'><strong>quem</strong></span> <span class='ocrx_word' id='word_1_36' title='bbox 1075 899 1260 983; x_wconf 86' lang='lat' dir='ltr'><strong>exspectat,</strong></span> <span class='ocrx_word' id='word_1_37' title='bbox 1293 896 1442 963; x_wconf 89' lang='lat' dir='ltr'><strong>nondum</strong></span> 
     </span>
     <span class='ocr_line' id='line_1_6' title="bbox 318 999 1441 1088; baseline 0.001 -21"><span class='ocrx_word' id='word_1_38' title='bbox 318 1001 416 1067; x_wconf 85' lang='lat' dir='ltr'><strong>adsit.</strong></span> <span class='ocrx_word' id='word_1_39' title='bbox 463 1000 538 1082; x_wconf 77' lang='lat' dir='ltr'><strong>Qua</strong></span> <span class='ocrx_word' id='word_1_40' title='bbox 561 999 781 1067; x_wconf 70' lang='lat' dir='ltr'><strong>similitudine</strong></span> <span class='ocrx_word' id='word_1_41' title='bbox 804 1001 952 1068; x_wconf 86' lang='lat' dir='ltr'><strong>lucorum</strong></span> <span class='ocrx_word' id='word_1_42' title='bbox 985 1000 1085 1067; x_wconf 87' lang='lat' dir='ltr'><strong>facile</strong></span> <span class='ocrx_word' id='word_1_43' title='bbox 1108 1000 1229 1067; x_wconf 85' lang='lat' dir='ltr'><strong>adduci</strong></span> <span class='ocrx_word' id='word_1_44' title='bbox 1252 1023 1441 1088; x_wconf 85' lang='lat' dir='ltr'><strong>possumus,</strong></span> 
     </span>
     <span class='ocr_line' id='line_1_7' title="bbox 317 1105 1441 1194; baseline -0.004 -18"><span class='ocrx_word' id='word_1_45' title='bbox 317 1109 357 1176; x_wconf 86' lang='lat' dir='ltr'><strong>ut</strong></span> <span class='ocrx_word' id='word_1_46' title='bbox 387 1105 589 1173; x_wconf 82' lang='lat' dir='ltr'><strong>comoediam</strong></span> <span class='ocrx_word' id='word_1_47' title='bbox 621 1110 773 1173; x_wconf 87' lang='lat' dir='ltr'><strong>veterem</strong></span> <span class='ocrx_word' id='word_1_48' title='bbox 803 1127 912 1172; x_wconf 87' lang='lat' dir='ltr'><strong>novae</strong></span> <span class='ocrx_word' id='word_1_49' title='bbox 945 1105 1135 1172; x_wconf 89' lang='lat' dir='ltr'><strong>comoediae</strong></span> <span class='ocrx_word' id='word_1_50' title='bbox 1159 1105 1310 1194; x_wconf 85' lang='lat' dir='ltr'><strong>exemplo</strong></span> <span class='ocrx_word' id='word_1_51' title='bbox 1333 1107 1441 1174; x_wconf 84' lang='lat' dir='ltr'><strong>fuisse</strong></span> 
     </span>
     <span class='ocr_line' id='line_1_8' title="bbox 317 1209 1441 1298; baseline 0.001 -21"><span class='ocrx_word' id='word_1_52' title='bbox 317 1210 373 1278; x_wconf 83' lang='lat' dir='ltr'><strong>uel</strong></span> <span class='ocrx_word' id='word_1_53' title='bbox 396 1211 508 1297; x_wconf 85' lang='lat' dir='ltr'><strong>potius</strong></span> <span class='ocrx_word' id='word_1_54' title='bbox 530 1209 617 1276; x_wconf 83' lang='lat' dir='ltr'><strong>hanc</strong></span> <span class='ocrx_word' id='word_1_55' title='bbox 640 1231 775 1276; x_wconf 87' lang='lat' dir='ltr'><strong>causam</strong></span> <span class='ocrx_word' id='word_1_56' title='bbox 805 1233 847 1276; x_wconf 88' lang='lat' dir='ltr'><strong>ex</strong></span> <span class='ocrx_word' id='word_1_57' title='bbox 870 1209 1041 1276; x_wconf 79' lang='lat' dir='ltr'><strong>comoedia</strong></span> <span class='ocrx_word' id='word_1_58' title='bbox 1065 1215 1183 1277; x_wconf 90' lang='lat' dir='ltr'><strong>vetere</strong></span> <span class='ocrx_word' id='word_1_59' title='bbox 1213 1232 1275 1298; x_wconf 89' lang='lat' dir='ltr'><strong>per</strong></span> <span class='ocrx_word' id='word_1_60' title='bbox 1296 1210 1441 1278; x_wconf 84' lang='lat' dir='ltr'><strong>mediam</strong></span> 
     </span>
     <span class='ocr_line' id='line_1_9' title="bbox 316 1313 1440 1404; baseline 0.002 -24"><span class='ocrx_word' id='word_1_61' title='bbox 316 1313 453 1381; x_wconf 81' lang='lat' dir='ltr'><strong>fluxisse</strong></span> <span class='ocrx_word' id='word_1_62' title='bbox 485 1315 520 1380; x_wconf 89' lang='lat' dir='ltr'><strong>in</strong></span> <span class='ocrx_word' id='word_1_63' title='bbox 551 1335 672 1381; x_wconf 87' lang='lat' dir='ltr'><strong>novam</strong></span> <span class='ocrx_word' id='word_1_64' title='bbox 703 1317 869 1400; x_wconf 85' lang='lat' dir='ltr'><strong>putemus.</strong></span> <span class='ocrx_word' id='word_1_65' title='bbox 915 1313 1010 1395; x_wconf 79' lang='lat' dir='ltr'><strong>Quae</strong></span> <span class='ocrx_word' id='word_1_66' title='bbox 1042 1314 1187 1404; x_wconf 90' lang='lat' dir='ltr'><strong>suspicio</strong></span> <span class='ocrx_word' id='word_1_67' title='bbox 1219 1315 1440 1382; x_wconf 82' lang='lat' dir='ltr'><strong>confirmatur</strong></span> 
     </span>
     <span class='ocr_line' id='line_1_10' title="bbox 317 1418 1021 1506; baseline -0.001 -21"><span class='ocrx_word' id='word_1_68' title='bbox 317 1419 390 1485; x_wconf 86' lang='lat' dir='ltr'><strong>loeo</strong></span> <span class='ocrx_word' id='word_1_69' title='bbox 414 1418 592 1506; x_wconf 90' lang='lat' dir='ltr'><strong>Diphileae</strong></span> <span class='ocrx_word' id='word_1_70' title='bbox 617 1418 786 1485; x_wconf 85' lang='lat' dir='ltr'><strong>Rudentis</strong></span> <span class='ocrx_word' id='word_1_71' title='bbox 810 1423 1021 1506; x_wconf 85' lang='lat' dir='ltr'><strong>comparato:</strong></span> 
     </span>
    </p>

    <p class='ocr_par' dir='ltr' id='par_1_3' title="bbox 305 1521 1438 1904">
     <span class='ocr_line' id='line_1_11' title="bbox 357 1521 1438 1614; baseline -0.001 -25"><span class='ocrx_word' id='word_1_72' title='bbox 357 1605 360 1614; x_wconf 32' lang='grc' dir='ltr'>Ι</span> <span class='ocrx_word' id='word_1_73' title='bbox 404 1522 491 1589; x_wconf 85' lang='lat' dir='ltr'><strong>Rud.</strong></span> <span class='ocrx_word' id='word_1_74' title='bbox 515 1547 547 1590; x_wconf 80' lang='lat' dir='ltr'><strong>v.</strong></span> <span class='ocrx_word' id='word_1_75' title='bbox 572 1524 645 1589; x_wconf 78' lang='lat'><strong>892.</strong></span> <span class='ocrx_word' id='word_1_76' title='bbox 681 1521 867 1590; x_wconf 84' lang='lat' dir='ltr'><strong>Daemones</strong></span> <span class='ocrx_word' id='word_1_77' title='bbox 899 1525 970 1590; x_wconf 85' lang='lat' dir='ltr'><strong>exit</strong></span> <span class='ocrx_word' id='word_1_78' title='bbox 1003 1545 1113 1590; x_wconf 91' lang='lat' dir='ltr'><strong>secum</strong></span> <span class='ocrx_word' id='word_1_79' title='bbox 1144 1523 1295 1611; x_wconf 61' lang='lat' dir='ltr'><strong>loquens</strong></span> <span class='ocrx_word' id='word_1_80' title='bbox 1329 1523 1438 1612; x_wconf 89' lang='lat' dir='ltr'><strong>primo</strong></span> 
     </span>
     <span class='ocr_line' id='line_1_12' title="bbox 305 1626 1436 1714; baseline 0.001 -22"><span class='ocrx_word' id='word_1_81' title='bbox 305 1649 353 1710; x_wconf 60' lang='lat' dir='ltr'><strong>vse</strong></span> <span class='ocrx_word' id='word_1_82' title='bbox 375 1627 523 1714; x_wconf 85' lang='lat' dir='ltr'><strong>gaudere</strong></span> <span class='ocrx_word' id='word_1_83' title='bbox 546 1626 639 1708; x_wconf 84' lang='lat' dir='ltr'><strong>dicit,</strong></span> <span class='ocrx_word' id='word_1_84' title='bbox 664 1628 751 1714; x_wconf 88' lang='lat' dir='ltr'><strong>quod</strong></span> <span class='ocrx_word' id='word_1_85' title='bbox 775 1627 857 1694; x_wconf 88' lang='lat' dir='ltr'><strong>duas</strong></span> <span class='ocrx_word' id='word_1_86' title='bbox 881 1628 983 1694; x_wconf 83' lang='lat' dir='ltr'><strong>scitas</strong></span> <span class='ocrx_word' id='word_1_87' title='bbox 1001 1627 1181 1696; x_wconf 78' lang='lat' dir='ltr'><strong>clientulus</strong></span> <span class='ocrx_word' id='word_1_88' title='bbox 1198 1626 1287 1694; x_wconf 91' lang='lat' dir='ltr'><strong>domi</strong></span> <span class='ocrx_word' id='word_1_89' title='bbox 1304 1627 1436 1710; x_wconf 87' lang='lat' dir='ltr'><strong>habeat,</strong></span> 
     </span>
     <span class='ocr_line' id='line_1_13' title="bbox 317 1731 1436 1821; baseline 0 -23"><span class='ocrx_word' id='word_1_90' title='bbox 317 1734 438 1820; x_wconf 83' lang='lat' dir='ltr'><strong>postea</strong></span> <span class='ocrx_word' id='word_1_91' title='bbox 459 1732 607 1799; x_wconf 87' lang='lat' dir='ltr'><strong>miratur</strong></span> <span class='ocrx_word' id='word_1_92' title='bbox 630 1733 834 1821; x_wconf 75' lang='lat' dir='ltr'><strong>piscatorem</strong></span> <span class='ocrx_word' id='word_1_93' title='bbox 857 1731 1010 1818; x_wconf 82' lang='lat' dir='ltr'><strong>Gripum,</strong></span> <span class='ocrx_word' id='word_1_94' title='bbox 1048 1733 1105 1820; x_wconf 89' lang='lat' dir='ltr'><strong>qui</strong></span> <span class='ocrx_word' id='word_1_95' title='bbox 1137 1754 1254 1800; x_wconf 88' lang='lat' dir='ltr'><strong>servus</strong></span> <span class='ocrx_word' id='word_1_96' title='bbox 1278 1734 1348 1800; x_wconf 91' lang='lat' dir='ltr'><strong>eius</strong></span> <span class='ocrx_word' id='word_1_97' title='bbox 1373 1735 1436 1814; x_wconf 89' lang='lat' dir='ltr'><strong>est,</strong></span> 
     </span>
     <span class='ocr_line' id='line_1_14' title="bbox 317 1837 634 1904; baseline 0.003 -1"><span class='ocrx_word' id='word_1_98' title='bbox 317 1838 444 1904; x_wconf 90' lang='lat' dir='ltr'><strong>morari</strong></span> <span class='ocrx_word' id='word_1_99' title='bbox 466 1840 537 1904; x_wconf 85' lang='lat' dir='ltr'><strong>tam</strong></span> <span class='ocrx_word' id='word_1_100' title='bbox 561 1837 634 1904; x_wconf 89' lang='lat' dir='ltr'><strong>diu:</strong></span> 
     </span>
    </p>
   </div>
   <div class='ocr_carea' id='block_1_3' title="bbox 316 1961 1438 2989">
    <p class='ocr_par' dir='ltr' id='par_1_4' title="bbox 316 1961 1438 2989">
     <span class='ocr_line' id='line_1_15' title="bbox 338 1961 1438 2047; baseline 0 -21"><span class='ocrx_word' id='word_1_101' title='bbox 338 1983 370 2026; x_wconf 80' lang='lat' dir='ltr'><strong>v.</strong></span> <span class='ocrx_word' id='word_1_102' title='bbox 394 1961 458 2026; x_wconf 80' lang='grc'><strong>892</strong></span> <span class='ocrx_word' id='word_1_103' title='bbox 495 1961 736 2043; x_wconf 82' lang='lat' dir='ltr'><strong>„Benefactum</strong></span> <span class='ocrx_word' id='word_1_104' title='bbox 760 1964 795 2026; x_wconf 90' lang='lat' dir='ltr'><strong>et</strong></span> <span class='ocrx_word' id='word_1_105' title='bbox 817 1961 920 2047; x_wconf 88' lang='lat' dir='ltr'><strong>volup</strong></span> <span class='ocrx_word' id='word_1_106' title='bbox 943 1964 996 2028; x_wconf 84' lang='lat' dir='ltr'><strong>est</strong></span> <span class='ocrx_word' id='word_1_107' title='bbox 1027 1984 1079 2028; x_wconf 90' lang='lat' dir='ltr'><strong>me</strong></span> <span class='ocrx_word' id='word_1_108' title='bbox 1106 1961 1204 2028; x_wconf 88' lang='lat' dir='ltr'><strong>hodie</strong></span> <span class='ocrx_word' id='word_1_109' title='bbox 1227 1961 1279 2028; x_wconf 90' lang='lat' dir='ltr'><strong>his</strong></span> <span class='ocrx_word' id='word_1_110' title='bbox 1302 1961 1438 2027; x_wconf 88' lang='lat' dir='ltr'><strong>mulier-</strong></span> 
     </span>
     <span class='ocr_line' id='line_1_16' title="bbox 1311 2065 1395 2133; baseline -0.012 0"><span class='ocrx_word' id='word_1_111' title='bbox 1311 2065 1395 2133; x_wconf 91' lang='lat' dir='ltr'><strong>culis</strong></span> 
     </span>
     <span class='ocr_line' id='line_1_17' title="bbox 496 2167 925 2236; baseline -0.002 -3"><span class='ocrx_word' id='word_1_112' title='bbox 496 2169 669 2236; x_wconf 82' lang='lat' dir='ltr'><strong>Tetulisse</strong></span> <span class='ocrx_word' id='word_1_113' title='bbox 692 2167 873 2235; x_wconf 83' lang='lat' dir='ltr'><strong>auxilium.</strong></span> <span class='ocrx_word' id='word_1_114' title='bbox 894 2219 925 2232; x_wconf 92' lang='lat'><strong>..</strong></span> 
     </span>
     <span class='ocr_line' id='line_1_18' title="bbox 393 2273 1380 2361; baseline 0.002 -21"><span class='ocrx_word' id='word_1_115' title='bbox 393 2274 457 2340; x_wconf 92' lang='grc'><strong>897</strong></span> <span class='ocrx_word' id='word_1_116' title='bbox 495 2273 575 2339; x_wconf 84' lang='lat' dir='ltr'><strong>Sed</strong></span> <span class='ocrx_word' id='word_1_117' title='bbox 598 2273 724 2360; x_wconf 78' lang='lat' dir='ltr'><strong>Gripus</strong></span> <span class='ocrx_word' id='word_1_118' title='bbox 749 2296 865 2340; x_wconf 85' lang='lat' dir='ltr'><strong>servus</strong></span> <span class='ocrx_word' id='word_1_119' title='bbox 888 2276 1007 2340; x_wconf 88' lang='lat' dir='ltr'><strong>noster</strong></span> <span class='ocrx_word' id='word_1_120' title='bbox 1032 2273 1113 2360; x_wconf 87' lang='lat' dir='ltr'><strong>quid</strong></span> <span class='ocrx_word' id='word_1_121' title='bbox 1135 2295 1248 2340; x_wconf 88' lang='lat' dir='ltr'><strong>rerum</strong></span> <span class='ocrx_word' id='word_1_122' title='bbox 1271 2279 1380 2361; x_wconf 86' lang='lat' dir='ltr'><strong>gerat,</strong></span> 
     </span>
     <span class='ocr_line' id='line_1_19' title="bbox 495 2377 1388 2466; baseline 0.004 -24"><span class='ocrx_word' id='word_1_123' title='bbox 495 2377 611 2460; x_wconf 76' lang='lat' dir='ltr'><strong>Miror,</strong></span> <span class='ocrx_word' id='word_1_124' title='bbox 636 2378 677 2444; x_wconf 95' lang='lat' dir='ltr'><strong>de</strong></span> <span class='ocrx_word' id='word_1_125' title='bbox 700 2380 798 2444; x_wconf 90' lang='lat' dir='ltr'><strong>nocte</strong></span> <span class='ocrx_word' id='word_1_126' title='bbox 822 2377 879 2464; x_wconf 89' lang='lat' dir='ltr'><strong>qui</strong></span> <span class='ocrx_word' id='word_1_127' title='bbox 902 2377 987 2444; x_wconf 82' lang='lat' dir='ltr'><strong>abiit</strong></span> <span class='ocrx_word' id='word_1_128' title='bbox 1009 2377 1176 2466; x_wconf 89' lang='lat' dir='ltr'><strong>piscatum</strong></span> <span class='ocrx_word' id='word_1_129' title='bbox 1199 2377 1242 2444; x_wconf 90' lang='lat' dir='ltr'><strong>ad</strong></span> <span class='ocrx_word' id='word_1_130' title='bbox 1266 2382 1388 2446; x_wconf 85' lang='lat' dir='ltr'><strong>mare“.</strong></span> 
     </span>
     <span class='ocr_line' id='line_1_20' title="bbox 316 2482 1436 2571; baseline 0.003 -23"><span class='ocrx_word' id='word_1_131' title='bbox 316 2483 410 2571; x_wconf 84' lang='lat' dir='ltr'><strong>Ergo</strong></span> <span class='ocrx_word' id='word_1_132' title='bbox 442 2484 528 2550; x_wconf 88' lang='lat' dir='ltr'><strong>hanc</strong></span> <span class='ocrx_word' id='word_1_133' title='bbox 559 2484 593 2549; x_wconf 91' lang='lat' dir='ltr'><strong>in</strong></span> <span class='ocrx_word' id='word_1_134' title='bbox 617 2482 742 2550; x_wconf 84' lang='lat' dir='ltr'><strong>fabulis</strong></span> <span class='ocrx_word' id='word_1_135' title='bbox 775 2504 883 2549; x_wconf 83' lang='lat' dir='ltr'><strong>novae</strong></span> <span class='ocrx_word' id='word_1_136' title='bbox 914 2482 1106 2549; x_wconf 86' lang='lat' dir='ltr'><strong>comoediae</strong></span> <span class='ocrx_word' id='word_1_137' title='bbox 1129 2505 1264 2549; x_wconf 87' lang='lat' dir='ltr'><strong>causam</strong></span> <span class='ocrx_word' id='word_1_138' title='bbox 1294 2507 1362 2551; x_wconf 88' lang='lat' dir='ltr'><strong>non</strong></span> <span class='ocrx_word' id='word_1_139' title='bbox 1396 2507 1436 2551; x_wconf 86' lang='lat' dir='ltr'><strong>ex</strong></span> 
     </span>
     <span class='ocr_line' id='line_1_21' title="bbox 316 2587 822 2679; baseline -0.002 -26"><span class='ocrx_word' id='word_1_140' title='bbox 316 2587 479 2674; x_wconf 80' lang='lat' dir='ltr'><strong>Euripide</strong></span> <span class='ocrx_word' id='word_1_141' title='bbox 502 2587 639 2679; x_wconf 83' lang='lat' dir='ltr'><strong>fluxisse</strong></span> <span class='ocrx_word' id='word_1_142' title='bbox 663 2588 822 2654; x_wconf 85' lang='lat' dir='ltr'><strong>arbitror.</strong></span> 
     </span>
     <span class='ocr_line' id='line_1_22' title="bbox 403 2691 1436 2781; baseline 0.005 -24"><span class='ocrx_word' id='word_1_143' title='bbox 403 2693 478 2781; x_wconf 87' lang='lat' dir='ltr'><strong>Duo</strong></span> <span class='ocrx_word' id='word_1_144' title='bbox 501 2694 642 2778; x_wconf 82' lang='lat' dir='ltr'><strong>praeter</strong></span> <span class='ocrx_word' id='word_1_145' title='bbox 666 2691 887 2758; x_wconf 84' lang='lat' dir='ltr'><strong>Heautontim</strong></span> <span class='ocrx_word' id='word_1_146' title='bbox 910 2715 941 2755; x_wconf 89' lang='lat' dir='ltr'><strong>v.</strong></span> <span class='ocrx_word' id='word_1_147' title='bbox 966 2693 1029 2757; x_wconf 87' lang='grc'><strong>879</strong></span> <span class='ocrx_word' id='word_1_148' title='bbox 1043 2715 1084 2757; x_wconf 89' lang='lat' dir='ltr'><strong>ss.</strong></span> <span class='ocrx_word' id='word_1_149' title='bbox 1107 2691 1182 2774; x_wconf 89' lang='lat' dir='ltr'><strong>loci,</strong></span> <span class='ocrx_word' id='word_1_150' title='bbox 1205 2694 1325 2779; x_wconf 90' lang='lat' dir='ltr'><strong>quibus</strong></span> <span class='ocrx_word' id='word_1_151' title='bbox 1345 2693 1436 2762; x_wconf 86' lang='lat' dir='ltr'><strong>Men·</strong></span> 
     </span>
     <span class='ocr_line' id='line_1_23' title="bbox 317 2795 1436 2884; baseline 0.003 -21"><span class='ocrx_word' id='word_1_152' title='bbox 317 2797 421 2863; x_wconf 87' lang='lat' dir='ltr'><strong>ander</strong></span> <span class='ocrx_word' id='word_1_153' title='bbox 437 2796 688 2884; x_wconf 72' lang='lat' dir='ltr'><strong>exspectatione</strong></span> <span class='ocrx_word' id='word_1_154' title='bbox 704 2797 815 2862; x_wconf 88' lang='lat' dir='ltr'><strong>utitur</strong></span> <span class='ocrx_word' id='word_1_155' title='bbox 832 2817 933 2862; x_wconf 85' lang='lat' dir='ltr'><strong>causa</strong></span> <span class='ocrx_word' id='word_1_156' title='bbox 949 2795 1104 2879; x_wconf 84' lang='lat' dir='ltr'><strong>adeundi,</strong></span> <span class='ocrx_word' id='word_1_157' title='bbox 1129 2797 1313 2864; x_wconf 85' lang='lat' dir='ltr'><strong>Heautont.</strong></span> <span class='ocrx_word' id='word_1_158' title='bbox 1329 2822 1361 2865; x_wconf 87' lang='lat' dir='ltr'><strong>v.</strong></span> <span class='ocrx_word' id='word_1_159' title='bbox 1374 2799 1436 2876; x_wconf 86' lang='grc'><strong>614</strong></span> 
     </span>
     <span class='ocr_line' id='line_1_24' title="bbox 317 2899 1435 2989; baseline 0.004 -23"><span class='ocrx_word' id='word_1_160' title='bbox 317 2901 406 2986; x_wconf 83' lang='grc'>(619)</span> <span class='ocrx_word' id='word_1_161' title='bbox 430 2905 465 2966; x_wconf 87' lang='lat' dir='ltr'><strong>et</strong></span> <span class='ocrx_word' id='word_1_162' title='bbox 488 2901 553 2966; x_wconf 89' lang='lat' dir='ltr'><strong>Ad.</strong></span> <span class='ocrx_word' id='word_1_163' title='bbox 571 2901 645 2982; x_wconf 82' lang='lat'>889,</span> <span class='ocrx_word' id='word_1_164' title='bbox 669 2922 811 2988; x_wconf 87' lang='lat' dir='ltr'><strong>prorsus</strong></span> <span class='ocrx_word' id='word_1_165' title='bbox 835 2899 970 2968; x_wconf 85' lang='lat' dir='ltr'><strong>diversa</strong></span> <span class='ocrx_word' id='word_1_166' title='bbox 986 2901 1121 2967; x_wconf 88' lang='lat' dir='ltr'><strong>ratione</strong></span> <span class='ocrx_word' id='word_1_167' title='bbox 1136 2902 1289 2969; x_wconf 88' lang='lat' dir='ltr'><strong>instituti</strong></span> <span class='ocrx_word' id='word_1_168' title='bbox 1314 2907 1393 2971; x_wconf 88' lang='lat' dir='ltr'><strong>sunt</strong></span> <span class='ocrx_word' id='word_1_169' title='bbox 1404 2903 1435 2989; x_wconf 88' lang='lat'><strong>¹).</strong></span> 
     </span>
    </p>
   </div>
   <div class='ocr_carea' id='block_1_4' title="bbox 317 3083 1438 3351">
    <p class='ocr_par' dir='ltr' id='par_1_5' title="bbox 317 3083 1438 3351">
     <span class='ocr_line' id='line_1_25' title="bbox 408 3083 1437 3179; baseline 0.006 -23"><span class='ocrx_word' id='word_1_170' title='bbox 408 3104 435 3173; x_wconf 78' lang='lat'><strong>1)</strong></span> <span class='ocrx_word' id='word_1_171' title='bbox 454 3083 529 3157; x_wconf 82' lang='lat' dir='ltr'><strong>Haec</strong></span> <span class='ocrx_word' id='word_1_172' title='bbox 549 3119 633 3158; x_wconf 85' lang='lat' dir='ltr'><strong>causa</strong></span> <span class='ocrx_word' id='word_1_173' title='bbox 658 3109 723 3171; x_wconf 83' lang='lat' dir='ltr'><strong>post</strong></span> <span class='ocrx_word' id='word_1_174' title='bbox 741 3102 921 3157; x_wconf 86' lang='lat' dir='ltr'><strong>Menandrum</strong></span> <span class='ocrx_word' id='word_1_175' title='bbox 944 3103 1029 3156; x_wconf 84' lang='lat' dir='ltr'><strong>multo</strong></span> <span class='ocrx_word' id='word_1_176' title='bbox 1049 3105 1158 3179; x_wconf 87' lang='lat' dir='ltr'><strong>saepius</strong></span> <span class='ocrx_word' id='word_1_177' title='bbox 1178 3103 1285 3159; x_wconf 81' lang='lat' dir='ltr'><strong>videtur</strong></span> <span class='ocrx_word' id='word_1_178' title='bbox 1304 3115 1437 3176; x_wconf 82' lang='lat' dir='ltr'><strong>usurpata</strong></span> 
     </span>
     <span class='ocr_line' id='line_1_26' title="bbox 317 3193 1435 3264; baseline 0.003 -17"><span class='ocrx_word' id='word_1_179' title='bbox 317 3209 391 3247; x_wconf 89' lang='lat' dir='ltr'><strong>esse:</strong></span> <span class='ocrx_word' id='word_1_180' title='bbox 421 3193 501 3246; x_wconf 87' lang='lat' dir='ltr'><strong>Truc.</strong></span> <span class='ocrx_word' id='word_1_181' title='bbox 522 3196 582 3259; x_wconf 87' lang='grc'>669,</span> <span class='ocrx_word' id='word_1_182' title='bbox 610 3193 698 3246; x_wconf 83' lang='lat' dir='ltr'><strong>Oasin.</strong></span> <span class='ocrx_word' id='word_1_183' title='bbox 719 3195 780 3247; x_wconf 81' lang='lat'><strong>538.</strong></span> <span class='ocrx_word' id='word_1_184' title='bbox 799 3195 859 3246; x_wconf 83' lang='lat'>591.</span> <span class='ocrx_word' id='word_1_185' title='bbox 879 3195 939 3258; x_wconf 81' lang='grc'>865,</span> <span class='ocrx_word' id='word_1_186' title='bbox 969 3193 1040 3260; x_wconf 84' lang='lat' dir='ltr'><strong>Men.</strong></span> <span class='ocrx_word' id='word_1_187' title='bbox 1061 3197 1122 3260; x_wconf 82' lang='grc'>704,</span> <span class='ocrx_word' id='word_1_188' title='bbox 1147 3193 1229 3262; x_wconf 88' lang='lat' dir='ltr'><strong>Epid.</strong></span> <span class='ocrx_word' id='word_1_189' title='bbox 1248 3197 1308 3264; x_wconf 88' lang='grc'>607,</span> <span class='ocrx_word' id='word_1_190' title='bbox 1328 3195 1435 3250; x_wconf 90' lang='lat' dir='ltr'><strong>Phorm.</strong></span> 
     </span>
     <span class='ocr_line' id='line_1_27' title="bbox 317 3282 1438 3351; baseline 0.002 -15"><span class='ocrx_word' id='word_1_191' title='bbox 317 3286 378 3337; x_wconf 87' lang='grc'>606,</span> <span class='ocrx_word' id='word_1_192' title='bbox 409 3283 528 3349; x_wconf 78' lang='lat' dir='ltr'><strong>Quorum</strong></span> <span class='ocrx_word' id='word_1_193' title='bbox 555 3282 677 3336; x_wconf 90' lang='lat' dir='ltr'><strong>locorum</strong></span> <span class='ocrx_word' id='word_1_194' title='bbox 703 3282 825 3336; x_wconf 89' lang='lat' dir='ltr'><strong>nonnulli</strong></span> <span class='ocrx_word' id='word_1_195' title='bbox 851 3283 923 3336; x_wconf 88' lang='lat' dir='ltr'><strong>inter</strong></span> <span class='ocrx_word' id='word_1_196' title='bbox 948 3298 978 3336; x_wconf 89' lang='lat' dir='ltr'><strong>se</strong></span> <span class='ocrx_word' id='word_1_197' title='bbox 1003 3289 1164 3351; x_wconf 85' lang='lat' dir='ltr'><strong>congruunt.</strong></span> <span class='ocrx_word' id='word_1_198' title='bbox 1209 3285 1341 3340; x_wconf 76' lang='lat' dir='ltr'><strong>conferas</strong></span> <span class='ocrx_word' id='word_1_199' title='bbox 1369 3287 1438 3340; x_wconf 91' lang='lat' dir='ltr'><strong>enim</strong></span> 
     </span>
    </p>
   </div>
   <div class='ocr_carea' id='block_1_5' title="bbox 318 3386 546 3514">
    <p class='ocr_par' dir='ltr' id='par_1_6' title="bbox 318 3386 546 3514">
     <span class='ocr_line' id='line_1_28' title="bbox 318 3386 423 3438; baseline -0.01 -13"><span class='ocrx_word' id='word_1_200' title='bbox 318 3386 423 3438; x_wconf 84' lang='lat' dir='ltr'><strong>quaeso</strong></span> 
     </span>
     <span class='ocr_line' id='line_1_29' title="bbox 390 3460 546 3514; baseline -0.013 0"><span class='ocrx_word' id='word_1_201' title='bbox 390 3460 462 3514; x_wconf 89' lang='lat' dir='ltr'><strong>Men.</strong></span> <span class='ocrx_word' id='word_1_202' title='bbox 482 3462 546 3512; x_wconf 86' lang='lat'>704:</span> 
     </span>
    </p>
   </div>
   <div class='ocr_carea' id='block_1_6' title="bbox 318 3547 1439 4418">
    <p class='ocr_par' dir='ltr' id='par_1_7' title="bbox 318 3547 1439 4418">
     <span class='ocr_line' id='line_1_30' title="bbox 427 3547 1346 3616; baseline 0.002 -16"><span class='ocrx_word' id='word_1_203' title='bbox 427 3549 627 3616; x_wconf 82' lang='lat' dir='ltr'><strong>„provisam</strong></span> <span class='ocrx_word' id='word_1_204' title='bbox 647 3565 747 3615; x_wconf 82' lang='lat' dir='ltr'><strong>quam</strong></span> <span class='ocrx_word' id='word_1_205' title='bbox 765 3565 841 3602; x_wconf 89' lang='lat' dir='ltr'><strong>mox</strong></span> <span class='ocrx_word' id='word_1_206' title='bbox 860 3550 901 3602; x_wconf 85' lang='lat' dir='ltr'><strong>vir</strong></span> <span class='ocrx_word' id='word_1_207' title='bbox 919 3565 994 3603; x_wconf 84' lang='lat' dir='ltr'><strong>meus</strong></span> <span class='ocrx_word' id='word_1_208' title='bbox 1014 3547 1110 3603; x_wconf 86' lang='lat' dir='ltr'><strong>redeat</strong></span> <span class='ocrx_word' id='word_1_209' title='bbox 1129 3549 1245 3604; x_wconf 90' lang='lat' dir='ltr'><strong>domum.</strong></span> <span class='ocrx_word' id='word_1_210' title='bbox 1344 3560 1346 3566; x_wconf 82' lang='grc'><em>’</em></span> 
     </span>
     <span class='ocr_line' id='line_1_31' title="bbox 368 3635 720 3690; baseline 0.003 -1"><span class='ocrx_word' id='word_1_211' title='bbox 368 3657 370 3664; x_wconf 62' lang='grc'>’</span> <span class='ocrx_word' id='word_1_212' title='bbox 425 3635 486 3690; x_wconf 88' lang='lat' dir='ltr'><strong>sed</strong></span> <span class='ocrx_word' id='word_1_213' title='bbox 505 3651 597 3690; x_wconf 89' lang='lat' dir='ltr'><strong>eccum</strong></span> <span class='ocrx_word' id='word_1_214' title='bbox 616 3636 720 3690; x_wconf 83' lang='lat' dir='ltr'><strong>video“.</strong></span> 
     </span>
     <span class='ocr_line' id='line_1_32' title="bbox 391 3726 587 3779; baseline -0.005 -1"><span class='ocrx_word' id='word_1_215' title='bbox 391 3726 499 3779; x_wconf 85' lang='lat' dir='ltr'><strong>Phorm.</strong></span> <span class='ocrx_word' id='word_1_216' title='bbox 519 3728 587 3779; x_wconf 84' lang='lat'>606:</span> 
     </span>
     <span class='ocr_line' id='line_1_33' title="bbox 426 3804 1222 3882; baseline 0.004 -16"><span class='ocrx_word' id='word_1_217' title='bbox 426 3814 628 3882; x_wconf 84' lang='lat' dir='ltr'><strong>„Exspecto</strong></span> <span class='ocrx_word' id='word_1_218' title='bbox 649 3830 748 3882; x_wconf 87' lang='lat' dir='ltr'><strong>quam</strong></span> <span class='ocrx_word' id='word_1_219' title='bbox 769 3831 843 3868; x_wconf 84' lang='lat' dir='ltr'><strong>mox</strong></span> <span class='ocrx_word' id='word_1_220' title='bbox 862 3814 979 3882; x_wconf 85' lang='lat' dir='ltr'><strong>recipiat</strong></span> <span class='ocrx_word' id='word_1_221' title='bbox 1000 3830 1060 3868; x_wconf 89' lang='lat' dir='ltr'><strong>sese</strong></span> <span class='ocrx_word' id='word_1_222' title='bbox 1079 3815 1156 3870; x_wconf 83' lang='lat' dir='ltr'><strong>Geta.</strong></span> <span class='ocrx_word' id='word_1_223' title='bbox 1220 3804 1222 3809; x_wconf 39' lang='lat'><strong><em>¹</em></strong></span> 
     </span>
     <span class='ocr_line' id='line_1_34' title="bbox 425 3901 1089 3971; baseline 0.005 -15"><span class='ocrx_word' id='word_1_224' title='bbox 425 3901 487 3956; x_wconf 87' lang='lat' dir='ltr'><strong>sed</strong></span> <span class='ocrx_word' id='word_1_225' title='bbox 505 3909 632 3970; x_wconf 82' lang='lat' dir='ltr'><strong>patruom</strong></span> <span class='ocrx_word' id='word_1_226' title='bbox 651 3902 729 3958; x_wconf 81' lang='lat' dir='ltr'><strong>video</strong></span> <span class='ocrx_word' id='word_1_227' title='bbox 750 3919 809 3957; x_wconf 90' lang='lat' dir='ltr'><strong>cum</strong></span> <span class='ocrx_word' id='word_1_228' title='bbox 829 3909 908 3971; x_wconf 83' lang='lat' dir='ltr'><strong>patre</strong></span> <span class='ocrx_word' id='word_1_229' title='bbox 928 3905 1089 3958; x_wconf 86' lang='lat' dir='ltr'><strong>astantem“.</strong></span> 
     </span>
     <span class='ocr_line' id='line_1_35' title="bbox 389 3991 526 4046; baseline 0.015 -2"><span class='ocrx_word' id='word_1_230' title='bbox 389 3991 439 4046; x_wconf 86' lang='lat' dir='ltr'><strong>Ad.</strong></span> <span class='ocrx_word' id='word_1_231' title='bbox 460 3995 526 4046; x_wconf 80' lang='lat'>889:</span> 
     </span>
     <span class='ocr_line' id='line_1_36' title="bbox 320 4070 1324 4151; baseline 0.002 -17"><span class='ocrx_word' id='word_1_232' title='bbox 320 4127 327 4143; x_wconf 83' lang='lat'>‚</span> <span class='ocrx_word' id='word_1_233' title='bbox 356 4070 358 4075; x_wconf 67' lang='grc'><strong>’</strong></span> <span class='ocrx_word' id='word_1_234' title='bbox 428 4082 509 4150; x_wconf 64' lang='lat' dir='ltr'><strong>„Era</strong></span> <span class='ocrx_word' id='word_1_235' title='bbox 529 4097 579 4148; x_wconf 81' lang='lat' dir='ltr'><strong>ego</strong></span> <span class='ocrx_word' id='word_1_236' title='bbox 598 4082 652 4134; x_wconf 91' lang='lat' dir='ltr'><strong>huc</strong></span> <span class='ocrx_word' id='word_1_237' title='bbox 671 4081 705 4135; x_wconf 86' lang='lat' dir='ltr'><strong>ud</strong></span> <span class='ocrx_word' id='word_1_238' title='bbox 724 4082 774 4136; x_wconf 87' lang='lat' dir='ltr'><strong>hos</strong></span> <span class='ocrx_word' id='word_1_239' title='bbox 794 4082 957 4150; x_wconf 83' lang='lat' dir='ltr'><strong>proviso,</strong></span> <span class='ocrx_word' id='word_1_240' title='bbox 979 4097 1081 4150; x_wconf 84' lang='lat' dir='ltr'><strong>quum</strong></span> <span class='ocrx_word' id='word_1_241' title='bbox 1101 4083 1324 4151; x_wconf 77' lang='lat' dir='ltr'><strong>monvirgiuem</strong></span> 
     </span>
     <span class='ocr_line' id='line_1_37' title="bbox 370 4169 1137 4226; baseline 0 -1"><span class='ocrx_word' id='word_1_242' title='bbox 370 4221 372 4225; x_wconf 86' lang='lat'>.</span> <span class='ocrx_word' id='word_1_243' title='bbox 426 4177 575 4225; x_wconf 85' lang='lat' dir='ltr'><strong>accersant.</strong></span> <span class='ocrx_word' id='word_1_244' title='bbox 597 4169 660 4226; x_wconf 88' lang='lat' dir='ltr'><strong>sed</strong></span> <span class='ocrx_word' id='word_1_245' title='bbox 679 4187 771 4224; x_wconf 89' lang='lat' dir='ltr'><strong>eccum</strong></span> <span class='ocrx_word' id='word_1_246' title='bbox 791 4172 926 4225; x_wconf 83' lang='lat' dir='ltr'><strong>Demeam.</strong></span> <span class='ocrx_word' id='word_1_247' title='bbox 947 4173 1036 4226; x_wconf 83' lang='lat' dir='ltr'><strong>salvos</strong></span> <span class='ocrx_word' id='word_1_248' title='bbox 1058 4171 1137 4226; x_wconf 87' lang='lat' dir='ltr'><strong>sies“.</strong></span> 
     </span>
     <span class='ocr_line' id='line_1_38' title="bbox 318 4258 1437 4328; baseline 0.002 -16"><span class='ocrx_word' id='word_1_249' title='bbox 318 4258 442 4313; x_wconf 87' lang='lat' dir='ltr'><strong>Eandem</strong></span> <span class='ocrx_word' id='word_1_250' title='bbox 461 4259 605 4314; x_wconf 87' lang='lat' dir='ltr'><strong>formulam</strong></span> <span class='ocrx_word' id='word_1_251' title='bbox 626 4275 718 4314; x_wconf 88' lang='lat' dir='ltr'><strong>omnes</strong></span> <span class='ocrx_word' id='word_1_252' title='bbox 737 4265 794 4314; x_wconf 89' lang='lat' dir='ltr'><strong>tres</strong></span> <span class='ocrx_word' id='word_1_253' title='bbox 814 4261 943 4314; x_wconf 82' lang='lat' dir='ltr'><strong>exhibent</strong></span> <span class='ocrx_word' id='word_1_254' title='bbox 961 4260 1028 4314; x_wconf 86' lang='lat' dir='ltr'><strong>loci:</strong></span> <span class='ocrx_word' id='word_1_255' title='bbox 1059 4260 1185 4328; x_wconf 87' lang='lat' dir='ltr'><strong>„proviso</strong></span> <span class='ocrx_word' id='word_1_256' title='bbox 1205 4277 1286 4328; x_wconf 86' lang='lat' dir='ltr'><strong>quam</strong></span> <span class='ocrx_word' id='word_1_257' title='bbox 1305 4265 1437 4315; x_wconf 79' lang='lat' dir='ltr'><strong>mox...“</strong></span> 
     </span>
     <span class='ocr_line' id='line_1_39' title="bbox 318 4347 1439 4418; baseline 0.004 -16"><span class='ocrx_word' id='word_1_258' title='bbox 318 4347 425 4403; x_wconf 86' lang='lat' dir='ltr'><strong>Deinde</strong></span> <span class='ocrx_word' id='word_1_259' title='bbox 435 4365 530 4402; x_wconf 88' lang='lat' dir='ltr'><strong>versus</strong></span> <span class='ocrx_word' id='word_1_260' title='bbox 544 4366 611 4418; x_wconf 87' lang='lat' dir='ltr'><strong>quos</strong></span> <span class='ocrx_word' id='word_1_261' title='bbox 631 4366 664 4403; x_wconf 85' lang='lat' dir='ltr'><strong>ex</strong></span> <span class='ocrx_word' id='word_1_262' title='bbox 678 4350 785 4403; x_wconf 90' lang='lat' dir='ltr'><strong>Phorm.</strong></span> <span class='ocrx_word' id='word_1_263' title='bbox 800 4355 828 4404; x_wconf 86' lang='lat' dir='ltr'><strong>et</strong></span> <span class='ocrx_word' id='word_1_264' title='bbox 839 4348 955 4417; x_wconf 90' lang='lat' dir='ltr'><strong>Adelph.</strong></span> <span class='ocrx_word' id='word_1_265' title='bbox 975 4350 1066 4418; x_wconf 84' lang='lat' dir='ltr'><strong>attuli,</strong></span> <span class='ocrx_word' id='word_1_266' title='bbox 1086 4365 1145 4402; x_wconf 87' lang='lat' dir='ltr'><strong>cum</strong></span> <span class='ocrx_word' id='word_1_267' title='bbox 1164 4350 1223 4405; x_wconf 91' lang='lat' dir='ltr'><strong>loco</strong></span> <span class='ocrx_word' id='word_1_268' title='bbox 1237 4349 1343 4418; x_wconf 88' lang='lat' dir='ltr'><strong>Epidic.</strong></span> <span class='ocrx_word' id='word_1_269' title='bbox 1357 4354 1408 4404; x_wconf 88' lang='grc'><strong>607</strong></span> <span class='ocrx_word' id='word_1_270' title='bbox 1416 4367 1439 4406; x_wconf 74' lang='grc' dir='ltr'><strong>ε.</strong></span> 
     </span>
    </p>
   </div>
   <div class='ocr_carea' id='block_1_7' title="bbox 0 0 1554 5204">
    <p class='ocr_par' dir='ltr' id='par_1_8' title="bbox 0 0 1554 5204">
     <span class='ocr_line' id='line_1_40' title="bbox 0 0 1554 5204; baseline 0 0"><span class='ocrx_word' id='word_1_271' title='bbox 0 0 1554 5204; x_wconf 95' lang='lat' dir='ltr'><strong> </strong></span> 
     </span>
    </p>
   </div>
  </div>
 </body>
</html>
