3098 5204
808 373 811 382 ¹
859 360 903 425 40

321 536 357 602 in
379 533 653 603 consuetudinem
668 535 762 616 abiit,
788 535 831 600 ad
847 535 1034 622 exemplum
1057 535 1216 624 colloquii
1239 536 1362 602 secreti
1384 535 1445 602 has

320 637 459 706 scaenas
493 638 723 706 conformasse
748 641 848 727 puto,
884 639 974 728 quod
1007 641 1058 709 ita
1092 640 1261 708 commode
1289 643 1324 708 et
1344 639 1447 707 facile

321 745 485 825 diverbia,
509 765 593 831 quae
610 743 724 810 emitti
738 766 805 810 non
822 743 999 834 debebant,
1016 745 1051 810 in
1066 766 1187 813 scaena
1203 745 1260 831 agi
1276 747 1445 831 poterant.

319 895 323 900 -=
409 849 470 932 Eo,
505 849 595 936 quod
626 849 691 914 hae
725 867 865 916 scaenae
899 869 967 916 nou
996 849 1076 916 iam'
1092 849 1233 917 exordia
1255 847 1446 918 fabularum

324 957 433 1033 erant,
457 953 569 1041 poetis
586 953 813 1038 contingebat,
831 957 871 1019 ut
886 976 954 1020 000
967 954 1035 1035 iam
1051 975 1107 1020 eas
1123 958 1258 1022 tantum
1273 975 1444 1041 personas,

320 1081 408 1147 quae
424 1059 460 1124 in
476 1058 591 1125 eadem
605 1058 701 1125 domo
718 1059 929 1142 habitabant,
947 1059 1007 1126 sed
1022 1059 1123 1135 etiam
1136 1058 1267 1126 ,alienas
1284 1080 1445 1149 personas

321 1165 438 1231 -facere
460 1166 598 1250 possent
613 1163 852 1250 colloquentes.
900 1163 991 1246 Quas
1015 1165 1053 1230 in
1074 1185 1193 1230 scaena
1216 1164 1331 1252 aliqua
1353 1167 1445 1230 ante·-

319 1268 457 1336 cedenti
478 1268 515 1334 in
537 1268 647 1350 aedes,
672 1268 760 1334 unde
781 1271 902 1356 postca
924 1268 1179 1354 egrederentur,
1202 1269 1325 1336 ducere
1349 1267 1443 1335 debe-

325 1375 417 1440 bant.
463 1373 520 1439 lta
542 1373 579 1438 iu
600 1370 734 1439 A'ndria
758 1373 919 1440 Chremes
943 1377 1121 1462 postquam
1145 1397 1175 1439 v.
1194 1374 1257 1441 789
1281 1371 1445 1442 Simonem

290 1521 294 1529 -
324 1479 458 1544 visurus
491 1477 582 1545 intro
615 1477 666 1558 iit,
698 1477 734 1542 in
757 1499 788 1542 v.
812 1478 877 1543 820
907 1499 974 1546 una
1002 1501 1075 1543 cum
1099 1475 1232 1546 Simone
1261 1478 1297 1544 in
1325 1499 1444 1544 scaena

321 1583 539 1670 conspicitur,
565 1586 600 1648 et
623 1581 658 1647 in
681 1581 875 1650 Trinummo
900 1582 1067 1664 Callicles,
1100 1583 1158 1670 qui
1181 1606 1211 1648 v.
1236 1583 1300 1648 614
1321 1583 1357 1648 in
1381 1581 1444 1650 Me·

325 1673 497 1775 garouidis
520 1687 620 1754 aedes
644 1686 750 1773 abiit,
763 1687 799 1753 in
822 1709 854 1753 v.
871 1687 935 1752 720
959 1709 1033 1753 000
1055 1688 1160 1754 amico
1183 1689 1220 1753 in
1242 1709 1360 1754 scaena
1384 1691 1443 1754 est.

327 1791 487 1859 Eiusdem
509 1791 712 1858 condicionis
737 1784 790 1858 est
812 1791 904 1858 locus
928 1791 1039 1859 Casin.
1065 1811 1106 1858 v:
1121 1794 1195 1859 515.

321 1922 324 1930 “
410 1897 473 1964 His
497 1895 579 1962 locis
602 1918 650 1975 ea,
682 1919 767 1984 quae
790 1896 960 1963 Dziatzho
984 1897 1060 1984 (Ru.
1085 1897 1169 1964 Mus.
1194 1898 1289 1978 1900,
1317 1899 1379 1964 108
1389 1899 1444 1982 ss.)

325 2001 367 2068 de
390 1999 523 2088 Epidici
546 2001 696 2068 Graecae
729 2021 848 2068 scaena
871 2024 891 2066 a
916 2001 1038 2069 Plauto
1071 2002 1209 2068 inducta
1243 2003 1390 2090 protulit
1412 2007 1445 2068 et

326 2102 580 2173 rationibusex
603 2110 805 2194 argumento
830 2107 965 2174 t‘abulae
1001 2109 1142 2194 sumptis
1177 2107 1355 2174 ostendere
1378 2115 1445 2174 stu-

326 2211 410 2290 duit,
435 2198 548 2297 aliqua
571 2233 613 2277 ex
635 2205 736 2299 parte
758 2211 872 2277 fulciri
894 2211 1063 2304 videntur.
1108 2211 1150 2278 ln
1176 2211 1303 2299 Epidio.
1327 2236 1369 2278 v.·
1386 2213 1444 2278 166

326 2313 533 2402 Periphanes
567 2320 670 2403 atque
693 2309 888 2404 Apoecides·
914 2317 950 2382 in
984 2339 1105 2384 scaena
1138 2321 1323 2384 versantur
1346 2317 1445 2383 collo-

326 2424 477 2508 quentes,
508 2440 616 2508 neque
639 2431 681 2487 ‘ex
703 2421 773 2487 ullo
797 2426 899 2488 verbo
924 2421 1106 2508 colligitur,
1141 2420 1304 2508 quomodo
1328 2444 1445 2488 conve-

324 2526 458 2593 nerint..
495 2524 562 2590 Sed
590 2547 663 2592 cum
693 2526 896 2612 cogitaveris
930 2527 1032 2594 etiam
1064 2526 1154 2592 locos
1179 2547 1282 2614 supra
1304 2526 1445 2608 adlatos,

326 2631 355 2696 si
387 2652 527 2698 scaenae
560 2619 826 2709 intercidissent,
862 2632 896 2695 in
927 2631 1046 2718 quibus
1075 2630 1243 2714 Chremes
1279 2631 1444 2712 Callicles,

326 2735 531 2820 Lysidamus
551 2735 587 2802 in
602 2737 784 2803 amicorum
801 2737 899 2803 aedes
916 2729 1147 2816 introierunt,
1170 2737 1446 2824 interpretationi

326 2840 550 2906 difficultates
567 2840 743 2908 adlaturos
759 2841 875 2924 fuisse,
900 2865 966 2907 non
981 2842 1121 2927 negabis
1139 2841 1361 2912 Dniatzkonis
1379 2842 1446 2930 opi-

325 2944 428 3024 nioni,
453 2946 522 3032 qui'
535 2945 757 3034 Periphanem
781 2967 935 3018 sermone
949 2945 1111 3038 Plautina
1133 2947 1321 3013 mutatione
1344 2946 1446 3013 inter·

329 3049 398 3115 ciso
429 3050 496 3116 iam
528 3054 608 3117 ante
632 3073 663 3116 v.
690 3051 751 3116 166
784 3049 960 3118 consilium
995 3073 1091 3118 suum
1127 3051 1268 3117 effatum
1284 3053 1325 3116 ”in
1349 3051 1446 3118 aedes

326 3155 508 3241 Apoecidis
533 3155 636 3222 vicini
667 3157 777 3222 abisse
809 3155 1013 3242 suspicatur,
1048 3155 1191 3242 speciem
1223 3156 1298 3222 veri
1329 3155 1445 3222 inesse.

325 3259 395 3326 see
410 3263 533 3342 tamen,
557 3283 630 3327 cum
647 3282 697 3342 ea,
721 3281 806 3348 quae
823 3260 1026 3346 expositioni
1041 3260 1177 3326 fabulae
1194 3260 1324 3344 desunt,
1346 3261 1446 3326 etiam

327 3365 363 3429 in
385 3367 526 3452 prologo
550 3365 684 3452 perdito
714 3364 928 3431 intercidisse
959 3365 1093 3452 possint
1116 3366 1167 3444 (cf.
1191 3365 1270 3446 Len,
1294 3365 1345 3431 Pl.
1371 3364 1447 3446 Qud

330 3470 417 3554 199),
439 3469 521 3535 mihi
537 3469 680 3556 quidem,
704 3491 783 3534 num
800 3473 940 3558 propter
956 3491 1152 3536 scaenarum
1174 3470 1447 3557 compositionem

322 3575 360 3640 -ei
383 3574 605 3641 accedendum
628 3575 684 3658 sit,
708 3598 774 3640 non
789 3574 889 3661 plane
906 3576 1041 3642 constat
1057 3573 1191 3641 collatis
1215 3575 1297 3641 locis
1313 3573 1446 3640 Phorm.

329 3680 392 3744 567
406 3702 449 3746 00.
474 3685 508 3745 et
531 3679 656 3764 Hecyr.
684 3681 746 3745 198
758 3701 801 3745 00.
848 3678 940 3760 Quas
965 3700 1102 3754 scaenas
1126 3679 1324 3769 quicumque
1346 3678 1446 3764 leget,

324 3807 395 3848 non
418 3783 599 3866 dubitabit,
622 3783 768 3870 quinex
791 3784 900 3850 forma
926 3783 1085 3870 colloquii
1104 3784 1227 3850 secreti
1251 3788 1347 3850 ortae
1371 3785 1447 3850 sint.

325 3888 397 3956 Sed
414 3912 454 3956 ex
471 3890 582 3956 verbis
607 3890 784 3978 utriusque
808 3911 947 3956 scaenae
970 3911 1037 3954 uon
1060 3893 1211 3975 apparet,
1234 3889 1324 3955 unde
1347 3889 1448 3956 alter-

328 3998 409 4060 utra
431 4016 577 4081 persona
599 3998 670 4060 tam
695 3994 807 4060 subito
832 3995 975 4060 venerit.
1022 3993 1108 4058 Nam
1134 3995 1171 4059 in
1187 3993 1321 4060 Phorm.
1338 4018 1369 4061 v.
1386 3995 1448 4060 667

323 4098 494 4185 Demipho
529 4102 565 4165 et
600 4099 759 4166 Chremes
793 4099 828 4163 in
863 4120 983 4166 scaena
1015 4102 1214 4181 versantur,
1250 4121 1448 4186 quamquam

329 4203 539 4270 Chremetem
571 4203 607 4269 in
642 4203 770 4271 scaenis
806 4203 1082 4272 antecedentibus
1107 4204 1231 4270 Lemno
1255 4205 1449 4289 redeuntem

330 4333 396 4376 non
412 4309 566 4391 vidimus
591 4312 694 4395 atque
710 4297 745 4374 in
760 4308 888 4395 Hecyr.
906 4333 938 4376 v.
956 4309 1019 4374 198
1030 4331 1072 4374 ss.
1095 4308 1224 4375 Laches
1241 4313 1276 4376 et
1292 4307 1449 4377 Sostrata
