3098 5204
617 446 671 510 .15

89 623 187 686 terea
208 620 327 686 nutrix
350 641 424 685 eum
447 619 663 712 subsequitur
686 621 722 686 et
745 619 894 687 retinere
918 622 1075 702 conatur,
1099 620 1151 687 ita
1172 622 1212 686 nt

89 723 135 790 ad
158 745 230 790 eam
252 746 289 790 se
313 731 511 792 convertere
534 724 667 792 debeat.

180 829 222 896 In
245 828 417 897 Phoeniss.
442 829 582 896 exordio
597 830 709 910 solem
733 830 869 898 Iocasta
900 832 1038 898 invocat
1070 829 1213 898 ethab-

89 933 287 1000 dacidarum
307 935 464 1002 miserias
488 934 638 1002 infinitas
663 935 887 1011 lamentatur:
1148 924 1151 930 ¹

201 1055 202 1060 ’
293 1029 335 1101 Ὦ
357 1038 409 1123 τὴν
433 1041 464 1102 ἐν
480 1039 598 1124 ἄστροις
614 1039 740 1124 οὐρανοῦ
756 1040 869 1124 τέμνων
894 1040 961 1104 ὁδὸν

286 1135 350 1214 ’καὶ
372 1146 655 1230 χρυσοκολλήτοισιν
679 1145 817 1232 ἐμβεβὼς
841 1145 956 1230 δίφροις

206 1289 209 1296 1
293 1239 397 1325 Ἥλιε,
422 1251 506 1321 θοαῖς
529 1248 658 1314 ἵπποισιν
682 1249 819 1313 εἱλίσσων
844 1251 954 1336 φλόγα,

300 1357 341 1424 ὡς
365 1357 497 1439 δυστυχῆ
515 1353 644 1438 Θήβαισι
666 1357 711 1439 τῇ
726 1355 792 1419 utt’
811 1354 910 1440 ἡμέρᾳ

285 1458 390 1522 1ἀκτῖν’
415 1461 541 1544 ἐφῆκας,
566 1456 690 1543 Κάδμος
712 1459 788 1543 ἡνίκ’
812 1460 890 1544 ἦλθε
913 1465 968 1543 γῆν

298 1565 411 1647 τήνδε.
431 1615 437 1628 .
456 1562 506 1650 .¹).

179 1665 371 1734 Scholiasta
393 1667 522 1755 aliquis
546 1667 590 1734 ad
612 1667 755 1755 primum
779 1689 911 1734 versum
942 1667 1103 1734 adnotat:
1143 1665 1212 1738 'ehoe
1307 1687 1312 1700 ·

88 1770 211 1858 ἔχουσιν
229 1774 256 1835 οἱ
273 1771 405 1858 τραγικοὶ
417 1771 561 1858 παράγειν
576 1759 645 1844 τοὺςΙ
655 1775 757 1858 ἥρωας
771 1774 852 1844 θεοῖς
864 1770 917 1844 τὰς
930 1767 1085 1858 συμφορὰς
1102 1771 1219 1852 duola,

88 1877 285 1966 φνρομένσνς,
304 1877 356 1941 καὶ
371 1880 402 1942 ἐν
416 1877 552 1964 Μηδείᾳ·
572 1878 658 1961 ,ὥσθ’
675 1875 777 1964 ἵμερος
791 1877 819 1962 μ’
834 1879 950 1963 ὑπῆλθε
963 1884 1002 1962 γῇ
1012 1901 1044 1940 τε
1055 1877 1226 1963 rodpnrql‘„

119 2009 120 2016 ¹
179 1981 429 2050 Grammaticus
452 1983 512 2050 ille
535 1982 694 2070 antiquus
718 1987 818 2049 recte·
836 1983 944 2050 sensit
966 1982 1026 2049 hos
1049 1982 1138 2048 locos
1169 1981 1212 2048 si·

88 2086 249 2154 millimos
273 2110 362 2171 esse;
395 2091 433 2154 at
466 2109 531 2174 qua
559 2110 596 2154 re
625 2086 718 2154 locus
742 2086 999 2154 Phoenissarum
1032 2085 1212 2154 aMedeae

89 2192 245 2260 versibus
278 2192 446 2275 differret,
481 2215 548 2259 non
582 2192 685 2260 dixit:
724 2193 791 2258 1110
824 2193 898 2259 loco
932 2191 1050 2257 nutrix
1084 2192 1212 2280 apertis

88 2297 204 2365 verbis
229 2319 264 2364 se
287 2302 468 2386 propterea
483 2298 645 2386 prodisse,
668 2301 709 2364 ut
732 2298 907 2365 elementis
930 2297 1037 2364 malas
1061 2319 1114 2364 res
1136 2319 1212 2366 nar·

88 2405 195 2486 rarat,
227 2402 365 2484 indicat,
390 2405 451 2469 hoc
472 2403 546 2470 loco
569 2401 654 2469 nihil
676 2402 744 2468 iam
767 2402 928 2469 eiusmodi
950 2402 1140 2487 invenitur;
1177 2405 1212 2468 et

86 2531 162 2574 eum
184 2507 246 2574 illo
267 2507 453 2596 Hippolyti
485 2509 559 2575 loco
589 2530 724 2575 causam
756 2507 883 2599 apertis
899 2561 901 2568 .
916 2507 1026 2575 verbis
1057 2507 1212 2574 iuvenem

86 2612 293 2682 indicantem
313 2613 427 2680 ¹faeere
450 2617 552 2700 poeta
574 2613 658 2696 iure,
684 2613 773 2700 quod
788 2614 916 2679 animus
931 2612 1116 2701 Hippolyti
1135 2634 1212 2678 cou-

87 2717 229 2784 citatior
253 2721 330 2785 erat
352 2722 389 2786 et
411 2719 529 2785 nutrix
561 2741 635 2785 eum
658 2721 935 2807 persequabatur,
972 2714 1210 2804 supersederit,

86 2822 151 2889 hoc
182 2821 256 2890 loco
287 2823 374 2889 nihil
404 2822 554 2911 impedit,
589 2823 669 2910 quin
691 2823 828 2890 Iocasta
859 2822 1048 2888 accuratius
1079 2842 1212 2888 causam

86 2927 235 2994 adeundi
262 2932 398 3015 probet,
443 2928 535 3014 Ergo
565 2929 600 2993 in
617 2926 741 2999 ,Medea
772 2933 875 3016 poeta
898 2949 1032 2994 causam
1055 2930 1212 2996 accurate

85 3032 231 3117 indicat,
266 3033 302 3100 in
323 3032 515 3121 Hippolyto
545 3035 704 3101 accurate
733 3033 884 3099 indicare
914 3055 981 3099 uon
1010 3034 1142 3119 potest,
1176 3033 1212 3098 in

85 3137 283 3204 Phoenissis
305 3160 373 3204 non
395 3138 481 3205 vult.
528 3137 616 3204 Nam
638 3160 712 3212 cum
734 3137 817 3204 haec
840 3138 956 3204 fabula
978 3140 1056 3203 acta
1078 3140 1148 3219 est,
1171 3157 1211 3202 eo

85 3247 242 3331 tempore
264 3264 377 3311 omnes
402 3246 613 3330 spectatores
637 3243 704 3308 iam
728 3242 887 3324 sciebant,
913 3263 979 3330 qua
1001 3261 1102 3308 causa
1125 3262 1213 3307 com-

85 3351 182 3414 mota
188 3369 350 3436 persona,
371 3370 456 3436 quae
469 3348 636 3414 elementa
648 3348 834 3430 invocaret,
851 3347 887 3414 in
900 3367 1052 3414 scaenam
1065 3346 1210 3412 veniret.
1306 3401 1309 3407 .

177 3451 229 3519 At
250 3459 385 3520 rectene
408 3451 605 3542 Euripidem
628 3452 713 3518 hanc
736 3472 870 3518 oausam
890 3450 1081 3538 repperisse
1104 3449 1210 3537 suspi-

85 3557 157 3624 cati
180 3557 351 3643 sumus?²)
385 3556 527 3624 Electra
549 3555 735 3646 Sophoclea
758 3576 790 3622 νς
806 3557 856 3622 86
879 3553 1067 3622 monodiam
1089 3554 1211 3640 incipit

86 3664 132 3729 ab
153 3661 206 3730 his
230 3661 358 3730 verbis:

181 3859 207 3923 1)
226 3854 268 3909 Cf.
287 3855 363 3908 Accii
381 3856 483 3928 Phoen.
503 3854 538 3908 fr.
558 3854 570 3907 1
590 3870 616 3922 p.
637 3857 690 3907 244
708 3854 789 3907 Ribb.

178 3945 206 4014 2)
227 3945 311 3999 Recte
337 3960 380 3998 mc
404 3943 549 4010 intellegas
575 3959 691 4011 quaeso:
724 3943 902 4010 Nequaquam
928 3940 1046 3996 omnium
1065 3945 1209 4008 poctarum

85 4035 256 4090 Graecorum
276 4031 410 4087 contendo
429 4034 545 4101 primum
559 4031 720 4099 Euripidem
739 4032 810 4086 hanc
829 4045 939 4084 causam
953 4028 1118 4094 adhibuisse,
1139 4043 1210 4098 quae

84 4125 142 4178 iam
162 4122 281 4176 Homero
306 4139 360 4176 non
387 4128 448 4175 erat
475 4121 570 4188 ignota
596 4120 641 4190 (ci.
662 4136 684 4173 e.
705 4137 730 4188 g.
757 4119 788 4173 Il.
807 4121 832 4171 A
852 4122 893 4185 35,
920 4117 970 4172 Od.
991 4119 1004 4188 β
1024 4121 1085 4184 260,
1111 4120 1211 4186 μ333,

84 4212 187 4282 quibus
215 4212 282 4267 locis
301 4226 434 4280 personae
460 4217 491 4264 ut
516 4209 581 4264 deca
607 4209 735 4264 invocent
752 4209 842 4262 locum
861 4213 997 4268 secretum
1015 4206 1132 4275 petunt),
1161 4203 1210 4259 sed

83 4293 248 4374 quaeritur,¹
259 4301 320 4368 quis
333 4302 499 4368 tragicorum
519 4315 578 4354 eam
591 4299 693 4368 primus
713 4298 765 4352 sibi
778 4297 953 4366 adoptaverit
965 4297 1074 4363 artique
1086 4295 1210 4364 tragicae

79 4390 248 4459 reppererit
656 4399 659 4406 ’
