3098 5204
540 481 773 550 '21..

247 655 288 739 poi
310 657 362 742 τὴν
386 656 546 740 ἀναπνοὴν,
572 655 613 742 poi
635 655 668 720 τὸ
691 657 783 744 χάος..
804 656 844 742 μὰ
867 657 916 721 τὸν
941 658 1024 744 ἀέρα,
1043 666 1045 670 ’
1073 701 1074 704 =
1115 643 1116 646 Ἴ
1139 719 1140 722 ,

178 772 180 775 ’
250 759 405 834 οὐκεῖδον
430 761 524 834 οὕτως
549 761 630 852 ἄνδρ’
654 761 791 848 ἄγροικον
816 763 989 829 οὐδένα...
1040 821 1043 828 ,
1071 781 1073 784 “
1148 751 1151 753 Δ
1206 777 1222 816 ἵ

177 873 293 942 Etiam
322 873 474 944 Kookius
506 876 543 940 in
574 875 681 962 praef.
706 877 724 960 ξ
747 876 791 942 45
823 877 981 944 affeetum
1012 897 1213 964 quamquam

89 979 248 1048 Socrates
281 979 316 1045 id
346 1002 413 1045 non
442 979 557 1078 vertis
587 979 670 1046 dioit
702 985 837 1063 oausam
860 980 1046 1067 prodeundi
1069 1003 1143 1048 esse
1165 983 1213 1048 in-

88 1083 244 1151 tellexit:
286 1083 403 1168 „Deua
424 1085 471 1151 im
492 1066 607 1172 Anger
637 1086 722 1154 iiber
753 1085 807 1152 die
828 1085 1115 1175 Erfolglosigkeit
1138 1086 1212 1173 <des
1258 1149 1260 1154 ,

88 1187 326 1276 Unterriohts>
347 1192 471 1274 stiirzt
493 1188 651 1257 Socrates
684 1181 838 1257 fluohand
870 1212 929 1258 aus
962 1190 1036 1258 dem
1065 1191 1211 1276 Hause“,

90 1294 182 1362 idem
212 1295 248 1360 in
281 1297 297 1379 ξ
320 1296 363 1361 47
394 1294 478 1361 iram
503 1293 679 1362 Socratem
711 1317 753 1362 ex
776 1293 1107 1384 aedibus'expulisse
1130 1296 1214 1364 dioit

89 1399 112 1483 (.
130 1451 137 1465 .
156 1451 163 1465 .
183 1395 246 1483 „an
268 1398 333 1466 den
353 1398 611 1466 verzweifelten
633 1399 813 1469 Ausbruoh
837 1399 894 1468 des
919 1399 1116 1484 Unwillens,
1152 1402 1214 1472 der

89 1503 156 1572 den
178 1503 336 1571 Socrates
368 1525 427 1570 aus
460 1502 534 1570 dem
559 1503 673 1570 Haase
701 1505 837 1588 triebf‘).
884 1503 957 1570 Hoo
986 1505 1095 1592 primo
1126 1507 1214 1594 apud

88 1609 357 1695 Aristophanem
380 1609 453 1676 loeo
477 1609 591 1676 aditus
615 1610 780 1694 probatur
802 1609 939 1676 affeetu.

83 1712 85 1715 ’
179 1716 230 1781 At
258 1715 409 1780 fortasse
439 1713 521 1779 mihi
552 1712 686 1794 obicias,
724 1735 764 1780 ea
795 1736 842 1797 re,
878 1714 966 1802 quod
995 1714 1215 1804 philosophus

89 1843 159 1888 non
172 1819 240 1886 iam
256 1818 335 1886 deos
351 1818 408 1886 vel
423 1819 590 1895 elementa
611 1819 806 1901 invooat,
831 1821 891 1888 sed
913 1843 975 1908 per
998 1843 1054 1888 eos
1078 1822 1226 1912 iurat„

90 1924 233 1991 maxime
265 1923 352 1989 hune
374 1924 482 1990 looum
513 1926 556 1990 ab
579 1922 743 2012 Euripide
767 1923 920 2010 differre;
957 1927 1141 2012 assentior;
1178 1932 1216 1994 at

89 2030 172 2096 mihi
195 2028 374 2096 discrimen
404 2051 471 2094 non
500 2050 659 2115 magnum
690 2050 764 2096 esse
793 2029 946 2116 videtum
980 2053 1059 2098 nam
1088 2032 1214 2100 scholio

90 2134 324 2204 Laurentiano
347 2132 391 2200 ad
413 2132 512 2220 Soph.
536 2134 588 2200 El.
612 2133 675 2200 loo.
710 2154 811 2222 supra
834 2134 941 2203 allato
964 2135 1049 2203 haue
1071 2135 1216 2203 formam

90 2241 207 2308 aditus
221 2261 290 2304 non
312 2238 347 2302 in
367 2259 407 2303 ea
428 2238 628 2324 repositam
645 2259 716 2304 esse
732 2237 957 2306 demonstrari
973 2261 1101 2322 censeo,
1126 2241 1216 2328 qnod

91 2345 147 2412 dei
174 2343 231 2410 vel
254 2338 420 2416 elementa
450 2363 529 2409 casu
553 2343 709 2410 vocativo
733 2332 944 2423 intueantur,
968 2383 1010 2392 -
1033 2345 1122 2432 quod
1145 2346 1216 2432 ple-

90 2471 233 2536 rumque
255 2447 305 2531 fit,
330 2486 372 2495 —
396 2446 455 2516 sed
478 2447 567 2534 quod
591 2450 698 2514 testes
720 2447 874 2514 'dolorum
901 2449 1004 2532 fiunt3
1040 2453 1216 2516 testantur

91 2557 207 2621 autem
230 2557 266 2619 et
288 2552 503 2619 invocatione
526 2562 561 2618 et
583 2552 657 2618 iure
679 2552 831 2619 iurando.

179 2658 284 2747 Alter
315 2657 407 2723 loona
436 2656 707 2744 Aristophaneus
734 2660 787 2724 est
816 2657 1050 2746 Vesp.1474.‘
1092 2658 1216 2727 Servus

93 2763 229 2852 qnidam
252 2784 293 2830 ex
317 2760 455 2828 aedibus
477 2762 613 2849 proruit
636 2783 709 2828 oum
732 2762 872 2829 elamat:
934 2787 936 2790 ·
1224 2786 1226 2790 .

183 2959 185 2964 Α
250 2875 285 2960 νὴ
309 2875 356 2939 τὸν
380 2875 530 2952 Διόνυσον,
554 2873 652 2960 ἄπορά
675 2881 701 2958 γ’
725 2877 795 2960 ἡμῖν
818 2875 978 2961 πράγματα

180 3031 186 3052 .
251 2980 365 3066 δαίμων
388 3005 430 3052 τις
454 2981 668 3066 ἐσκεκύκλήκεν
687 2983 717 3051 ἐς
741 2981 794 3064 τὴν
818 2981 922 3047 οἰκίαν.

92 3095 237 3161 Maxime
258 3097 441 3160 commotus
466 3097 520 3160 est
541 3095 690 3162 amentia
705 3079 942 3161 Philooleouis.
976 3094 1091 3161 Etiam
1108 3095 1214 3162 Leeu·

91 3222 219 3280 wenus,
251 3199 309 3286 qui
331 3220 447 3284 causas
471 3197 616 3270 adeundi
638 3198 742 3264 ferme
766 3198 929 3285 neglegit,
958 3198 1020 3265 hoo
1048 3199 1121 3266 loeo
1146 3222 1214 3266 ser-

92 3327 172 3372 vum
196 3305 322 3370 affeetu
337 3302 519 3370 adductum
535 3302 651 3390 egredi
665 3306 787 3391 putare
804 3302 956 3370 videtur:
984 3303 1116 3386 „Sosius
1141 3327 1214 3370 oum

91 3430 216 3496 magna
247 3407 349 3474 animi
379 3408 639 3475 oonturbatione
671 3407 764 3474 foras
797 3407 965 3494 prornit“.
1017 3407 1064 3474 Hi
1096 3431 1214 3476 versus

92 3513 270 3601 pristinam
294 3512 437 3580 formam
460 3511 557 3578 huius
580 3511 743 3578 introitus
767 3511 867 3578 valde
889 3495 1093 3579 infirmatam
1116 3535 1214 3600 prae-

92 3621 190 3686 bent:
214 3617 320 3682 Nulla
342 3617 409 3682 iam
432 3617 557 3683 mentio
581 3618 838 3700 elementorum
870 3616 1131 3703 Aristophanes,
1157 3617 1215 3704 qui

91 3725 126 3791 in
157 3721 311 3788 Nubibus
322 3721 345 3801 1)
391 3721 565 3789 Socratem
594 3743 656 3810 per
688 3721 863 3802 elementa,
911 3744 993 3808 quos
1028 3721 1107 3788 deos
1142 3743 1215 3790 esse

90 3829 203 3916 putat,
227 3827 397 3894 iurantem
419 3826 511 3908 feeit,
535 3825 598 3892 hoo
619 3826 692 3893 looo
716 3825 822 3908 deum,
847 3825 940 3892 euius
963 3825 1034 3892 dies
1057 3825 1214 3893 solemnis

93 3933 295 4015 celebratur,
318 3953 377 4018 pro
399 3930 567 3998 Socrateis
592 3931 663 3996 deis
688 3931 875 4018 supposuit.
921 3929 995 3998 Hoo
1016 3931 1113 3997 modo
1137 3953 1214 3997 oon·

92 4037 241 4104 formata
273 4037 340 4102 iam
374 4035 509 4120 iugenio
545 4039 580 4103 et
612 4035 740 4103 rationi
775 4034 964 4102 comoediae
997 4035 1080 4102 haee
1113 4039 1215 4103 eausa

91 4142 260 4228 adaptata
282 4143 365 4207 erat.

88 4349 89 4356 ¹
188 4337 213 4406 l)
232 4337 329 4390 Utrum
348 4335 423 4389 locus
449 4335 572 4403 priorum
597 4351 632 4388 an
657 4334 841 4402 posteriorum
860 4333 979 4387 Nubium
1007 4333 1050 4399 sit,
1077 4332 1143 4386 mihi
1161 4348 1218 4387 uon

92 4432 223 4484 constat.¹
