3098 5204
876 416 916 481 12

334 589 440 656 verba
463 588 587 655 dixisse
621 589 782 656 iudicent.
831 588 969 674 „Nonne
1001 609 1220 677 unaquaeque
1244 591 1316 657 fere
1339 591 1460 657 fabula

336 693 542 780 tragicorum
574 693 674 782 plena
696 696 750 760 est
773 693 956 761 affectuum
984 693 1228 762 incitatarum?
1273 695 1320 761 Et
1343 699 1460 762 tamen

335 797 533 885 Euripidem
562 798 704 884 primum
737 798 864 865 affectu
897 798 1027 864 aditum
1060 821 1279 886 personarum
1312 801 1459 888 probare

291 904 293 908 ’
335 901 418 968 dicis
441 903 634 991 coepisse‘?“
681 901 768 970 Saue
793 902 926 990 quidem
949 903 1125 970 contendo.

422 1006 510 1074 Nam
525 1031 566 1075 ex
580 1030 718 1075 numero
734 1008 890 1091 locorum,
908 1006 966 1094 qui
982 1007 1045 1073 huc
1060 1009 1244 1099 pertinent,
1269 1007 1460 1096 excipiendi

337 1115 425 1196 sunt,
449 1135 649 1201 quamquam
671 1134 835 1202 persaepe
857 1133 932 1179 cum
953 1112 1046 1194 locis,
1071 1113 1191 1201 quibus
1215 1114 1358 1181 affectus
1381 1134 1459 1180 cau·

337 1239 408 1284 sam
438 1220 590 1306 praebet,
621 1216 874 1286 confunduntur
884 1219 917 1300 ¹),
950 1217 984 1300 ii,
1018 1217 1137 1305 quibus
1169 1240 1313 1304 persona
1343 1217 1460 1304 aliqua

336 1344 514 1410 progressa
544 1308 605 1389 sub
635 1322 713 1391 divo
744 1322 904 1388 somnium
935 1325 1084 1389 enarrat.
1131 1322 1255 1404 Quales
1281 1321 1460 1391 inveniun-

337 1432 395 1494 tur
416 1427 467 1494 hi:
728 1431 730 1440 “
802 1448 804 1452 ”

425 1533 504 1600 Hoc.
521 1532 573 1598 59.
598 1529 744 1614 Hecuba,
761 1553 860 1619 quam
876 1553 994 1622 servae
1011 1531 1224 1613 comitantur,
1249 1554 1291 1598 ex
1305 1531 1460 1597 tentorio

338 1636 468 1724 prodit;
496 1659 561 1724 qua
585 1636 635 1703 de·
649 1658 749 1704 causa
772 1636 907 1703 exitura
931 1639 1030 1716 esset,
1055 1635 1124 1702 iam
1145 1639 1248 1704 autea
1263 1635 1459 1723 Polydorus

337 1742 426 1810 dixit
440 1741 485 1829 (v.
503 1742 572 1828 54):
599 1741 758 1827 φάντασμα
782 1741 963 1825 δειμαίνουσ’
987 1741 1068 1825 ἐμόν.
1114 1739 1306 1808 Scholiasta
1325 1739 1459 1827 quidem

337 1846 442 1934 aliqui
464 1850 607 1935 propter
629 1869 748 1914 versus
771 1847 871 1931 53154

549 1977 625 2056 περᾷ
647 1969 703 2055 γὰρ
726 1965 774 2055 ἥδ’
800 1969 856 2032 ὑπὸ
880 1977 990 2055 σκηνῆς
1013 1972 1092 2033 πόδα

497 2163 503 2173 ⁵
547 2070 771 2160 Ἀγαμέμνονος
798 2069 957 2158 φάντασμα
982 2073 1162 2158 ὃειμαίνοοσ’
1187 2075 1268 2158 ἐμόν.
1337 2129 1339 2133 .

340 2198 481 2265 coniecit
514 2220 587 2266 eam
610 2199 645 2264 in
666 2197 924 2265 tabernaculum
946 2197 1220 2282 Agamemnonis,
1252 2199 1293 2262 ut
1315 2195 1461 2262 Cassan·

338 2303 435 2371 ‹lram
458 2308 503 2389 (v.
527 2304 582 2384 87)
604 2303 645 2368 de
661 2303 788 2370 somnio
805 2301 1007 2379 consuleret,
1030 2301 1186 2368 introisse
1210 2303 1245 2367 ct
1267 2323 1364 2382 nunc,
1388 2300 1463 2368 lilia

338 2409 430 2474 intus
463 2430 530 2473 nou
562 2413 710 2494 roperta,
743 2429 784 2473 ex
816 2407 965 2476 tentorio
997 2407 1134 2473 reverti.
1179 2407 1231 2472 At
1260 2405 1463 2492 Murrayum

340 2516 431 2580 recte
455 2536 485 2579 v.
503 2514 546 2578 54
569 2512 604 2578 in
628 2511 848 2597 suspicionem
866 2511 1039 2578 vocavisse
1061 2513 1155 2598 puto.
1200 2507 1304 2575 Immo
1328 2532 1370 2575 ex
1385 2532 1462 2576 ver-

340 2617 431 2684 sibus
454 2616 549 2683 68'ss

593 2724 618 2784 ὦ
643 2718 771 2806 στεροπὰ
796 2717 874 2799 Διὸς,
899 2721 924 2781 ὠ
949 2719 1051 2783 σκοτία
1074 2718 1133 2797 νύξ,

591 2827 619 2890 τί
640 2821 704 2889 ποτ’
730 2821 851 2910 αἴρομαι
874 2822 993 2909 ἔννυχος
1017 2823 1095 2886 οὕτω

594 2932 718 3016 δείματι,
743 2929 911 3014 <pelopum
937 2930 1087 2992 ἇνπότνια
1112 2926 1220 3004 Χθὼν,

594 3035 857 3120 μελανοπτερύγων
883 3041 973 3119 μῆτερ
998 3034 1118 3118 ὀνείρων

556 3223 562 3230 .
593 3141 875 3225 ἀποπέμποραι
899 3138 1019 3222 ἔννυχον
1045 3139 1109 3222 ὄψιν
1136 3188 1142 3203 .
1167 3188 1174 3202 .
1200 3187 1207 3202 .

340 3263 442 3332 aliam
465 3285 537 3330 esse
560 3285 693 3330 causam
716 3285 881 3350 apparere
896 3261 979 3327 mihi
993 3259 1138 3328 videtur.
1185 3257 1323 3325 Scilicet
1346 3256 1462 3324 eadem

342 3373 403 3452 est,
428 3390 527 3456 quam
550 3367 728 3456 Iphigenia
744 3366 830 3454 (Iph.
847 3365 961 3450 Taua)
978 3365 1131 3448 versibus
1146 3364 1247 3441 42l43
1262 3361 1461 3450 profitetur:

533 3491 552 3554 ἃ
575 3489 662 3555 καινὰ
685 3484 781 3574 δ’ἥκει
803 3488 851 3560 νὺξ
876 3489 1010 3574 φέρουσα
1034 3469 1179 3573 <pelopum

819 3590 827 3612 )

833 3648 838 3674 l

534 3597 611 3670 λέξω
636 3595 706 3681 πρὸς
731 3595 817 3681 αἰῦέρ
863 3594 895 3658 εἴ
918 3619 951 3658 τι
975 3593 1019 3677 δὴ
1043 3588 1118 3656 τόδ’
1144 3590 1219 3653 ἔστ’
1244 3589 1345 3659 ἄκος.

341 3720 433 3806 Ergo
458 3718 538 3806 quid
560 3721 699 3806 spectet,
733 3740 806 3784 oum
838 3717 1001 3784 somnium
1030 3718 1174 3781 naturae
1203 3715 1356 3794 enarrat,
1387 3710 1462 3797 ipsa

343 3825 434 3891 dicit.
480 3823 574 3892 Nihil
597 3823 689 3890 aliud
712 3823 747 3888 in
770 3823 880 3888 auimo
895 3821 1015 3888 habuit
1031 3819 1281 3906 Clytaemestra
1303 3817 1339 3882 in
1360 3813 1462 3902 Soph.

343 3929 395 3996 El.
420 3930 538 3995 4248:

435 4177 461 4247 l)
481 4177 522 4231 ef.
549 4177 672 4230 Patinius
699 4160 816 4244 (iltutus
836 4190 857 4228 s.
877 4174 894 4226 l.
915 4179 985 4240 trag.
1005 4189 1053 4240 gn,
1080 4171 1176 4239 Eurip.
1195 4170 1209 4222 Ι
1229 4186 1255 4237 p.
1279 4173 1329 4222 124
1347 4168 1463 4238 adnot).

343 4264 574 4321 Wolterstorffius
594 4265 688 4334 (Soph.
709 4271 736 4318 et
755 4264 821 4316 Eur.
842 4261 969 4316 Electrae
1000 4277 1052 4328 quo
1079 4259 1174 4314 ordine
1203 4259 1258 4312 sint
1285 4257 1463 4326 compositae,

342 4359 403 4411 Jcn.
424 4355 488 4409 diss.
511 4356 598 4423 1891),
618 4354 759 4408 Kaibclius
779 4353 814 4406 ud
834 4352 876 4406 El.
895 4370 918 4404 ν.
940 4353 981 4418 86,
1009 4349 1195 4404 Weckleinius
1215 4346 1251 4400 ad
1271 4348 1372 4401 Phoeu.
1393 4366 1416 4402 r.
1438 4352 1464 4404 l.

1536 2545 1538 2580 l
