3098 5204
598 427 744 492 -37

162 599 289 666 lularia
323 597 470 666 familias
501 599 686 684 Megadori,
721 600 779 687 qui
811 601 847 668 in
881 599 1064 686 exemplari
1087 599 1232 680 Graeco,
1250 600 1286 668 in

160 725 284 774 scaena
298 703 488 784 habitabat,
512 707 547 770 et
563 703 758 783 Eunomus,
782 703 876 770 ouius
900 703 998 772 aedes
1018 707 1116 771 extra
1132 725 1285 786 scaenam

159 816 262 876 erant
298 809 392 876 sitae,
419 808 516 895 quasi
549 809 643 877 inter
677 831 713 877 se
747 808 991 876 consociavisse
1013 809 1183 876 Dsiatzho
1207 809 1284 900 (Rh.

162 913 249 980 Mus.
275 913 331 997 37)
353 913 577 1001 probabiliter
612 914 868 990 demonstravit.
914 913 965 979 Eo
995 913 1045 995 fit,
1078 916 1119 979 ut
1141 913 1288 982 Plautus
1347 923 1349 928 “

160 1019 198 1086 in
231 1018 397 1106 colloquio
426 1017 603 1106 Megadbri
634 1022 671 1086 ct
702 1019 896 1103 Eunomiae,
929 1019 1018 1107 quod
1049 1021 1085 1092 iu
1107 1043 1138 1086 v.
1164 1019 1228 1085 120
1241 1041 1283 1086 ss.

161 1123 308 1211 legitur,
343 1145 412 1190 non
442 1123 508 1190 iam
541 1124 657 1191 eadem
688 1145 790 1191 causa
811 1193 813 1202 ,
831 1124 1020 1212 prodeundi
1051 1147 1150 1206 usus,
1184 1145 1285 1210 quam

160 1234 265 1316 poeta
303 1227 451 1296 Graecus
485 1228 687 1296 adhibuerat
696 1229 737 1314 1),
780 1225 942 1316 personas
977 1230 1013 1294 in
1047 1251 1201 1312 scaenam
1233 1229 1283 1296 in-

161 1333 311 1416 duxerit,
338 1333 396 1400 sed
419 1332 562 1400 formam
586 1335 712 1402 secreti
734 1333 895 1424 colloquii
916 1335 1142 1422 usurpaverit.

249 1437 351 1508 Idem¹
368 1437 512 1508 Plautus
537 1438 566 1505 si
589 1440 775 1526 composuit
806 1438 979 1506 exordium
1011 1459 1150 1506 scaenae
1172 1437 1238 1521 ΠΙ,
1262 1440 1281 1520 l

158 1543 286 1612 Militis
319 1543 372 1628 (cf.
397 1543 476 1626 Leo,
500 1543 563 1626 Qu.
588 1543 665 1626 Pla,
688 1544 776 1628 181),
793 1618 796 1624 ,
812 1544 953 1614 comicos
976 1541 1125 1612 Graecos
1148 1547 1282 1610 secutus

159 1648 364 1736 colloquium
386 1652 467 1715 ante
489 1648 589 1716 aedes
614 1651 778 1716 secretum
794 1647 924 1733 (confer
939 1673 972 1716 v.
988 1649 1174 1735 eas-610)
1197 1647 1283 1716 bano

151 1776 316 1853 *scaenam
340 1775 412 1824 osse
435 1754 544 1822 voluit
562 1753 783 1845 aequanimis
802 1757 845 1822 ab
861 1753 938 1820 arte
954 1753 1162 1822 Graecorum
1184 1755 1281 1820 aber-

158 1859 295 1945 ravist.
541 1939 546 1950 ι

157 2021 174 2030 ,ι
247 1963 335 2032 Huic
358 1965 488 2032 formae
518 1964 643 2033 secreti
672 1963 832 2052 colloquii
864 1963 982 2030 similis
1006 1968 1059 2031 est
1082 1963 1182 2045 ratio,
1214 1983 1282 2050 qua

134 2091 227 2136 ¹non
249 2069 366 2136 nullae
389 2091 529 2136 scaenae
554 2069 759 2156 compositae
783 2072 873 2141 sunt,
896 2091 979 2156 quas
1002 2069 1156 2166 afferam:

246 2174 352 2242 Andr.
384 2174 458 2240 820.
511 2173 671 2240 Chremes
705 2177 742 2242 et
775 2173 866 2240 Simo
901 2197 943 2240 ex
966 2171 1109 2240 Simonis
1143 2173 1281 2248 aedibus

159 2279 393 2366 egrediuntur.
439 2277 597 2346 Chremes
621 2279 657 2347 in
679 2302 711 2346 v.
736 2279 800 2344 789
823 2279 858 2344 in
890 2279 990 2345 aedes
1014 2277 1158 2346 Simonis
1187 2278 1280 2344 intro

157 2385 256 2452 ierat.
431 2395 433 2400 ’
1273 2437 1275 2446 ,

244 2490 434 2556 'Heautont
450 2489 545 2557 1003.
593 2489 752 2556 Chremes
768 2493 805 2556 et
821 2512 906 2556 uxor
921 2490 991 2558 eius
1008 2489 1165 2558 Sostrata
1182 2488 1279 2556 domo

159 2595 369 2684 procedunt'
382 2595 461 2661 dum
483 2595 731 2684 colloquuntur.

246 2701 332 2766 Eun.
356 2701 431 2766 818.
477 2699 580 2768 Thais
604 2704 640 2766 et
661 2700 808 2786 Pythias
832 2700 1062 2788 colloquentes
1085 2702 1219 2768 exeunt.

155 2848 157 2852 -
246 2805 314 2871 Ad.
338 2805 411 2871 288.
450 2803 618 2900 Sostrata
638 2807 674 2871 et
688 2805 865 2876 Canthara
887 2805 923 2872 in
946 2827 1099 2874 scaenam
1122 2826 1278 2892 egressae

155 2909 414 2997 colloquuntur3
450 2931 614 2997 quaenam
644 2932 745 2977 causa
775 2911 964 2998 prodeundi
999 2911 1055 2993 sit,
1088 2933 1157 2978 non
1194 2911 1277 2978 satis

159 3017 322 3102 apparet;
350 3013 549 3102 Spengelius
573 3014 706 3103 quidem
730 3015 822 3100 (edi)
842 3037 976 3087 oausam
999 3015 1190 3103 repperisse
1214 3015 1278 3081 sibi

154 3120 311 3204 ¹videtum
345 3141 401 3186 cas
424 3124 506 3187 ante
528 3120 628 3188 aedes
652 3122 743 3192 exire
766 3124 877 3206 putat
908 3122 947 3185 ut
969 3124 1175 3207 exspectent,
1199 3141 1276 3186 num

154 3223 250 3292 Geta
272 3225 329 3292 vel
350 3224 538 3291 Aeschinus
555 3224 682 3312 veniat.
728 3223 795 3290 Sed
817 3246 939 3293 revera
960 3246 1033 3290 eam
1056 3246 1189 3290 causam
1209 3247 1276 3291 non

157 3332 295 3396 subesse
317 3331 430 3398 verba
452 3329 527 3416 ipsa
559 3328 718 3414 colloquii
740 3327 878 3410 docent;
911 3350 988 3394 nam
1020 3333 1082 3396 aut
1114 3329 1276 3415 scriptum

157 3437 248 3500 esset
269 3433 304 3498 in
327 3433 446 3522 primis
471 3433 589 3499 statim
611 3434 743 3501 verbis:
778 3433 985 3520 „Exspecto“
1011 3433 1067 3500 vel
1092 3433 1272 3517 „Proviso“

157 3538 282 3612 (Oasin.
314 3562 346 3606 v.
381 3539 454 3619 591,
488 3539 562 3619 855,
601 3537 803 3605 Menaechm.
837 3539 912 3616 704)
947 3542 1008 3606 aut
1041 3537 1109 3605 alia
1142 3539 1274 3605 ratione

151 3643 271 3732 primis
295 3643 412 3709 statim
428 3642 540 3710 verbis
557 3643 766 3730 exspectatio
789 3643 969 3711 manifesta
992 3643 1099 3711 fieret.
1125 3642 1273 3725 (Trucul.

248 3840 273 3901 l)
296 3837 429 3891 Dziatzko
448 3845 524 3892 recte
542 3838 570 3891 in
590 3811 686 3894 v.⁵145
705 3839 851 3906 vestigium
870 3837 1018 3906 indagavit,
1045 3821 1119 3906 quod
1139 3837 1273 3906 quomodo

149 3941 200 3980 -res
210 3927 238 3980 in
249 3925 345 3980 fabula
353 3927 460 3981 Graeca
472 3943 502 3981 se
514 3928 651 3995 babuerit,
666 3928 816 3994 siguificat:
837 3927 900 3998 „ted
912 3928 942 3982 id
953 3930 1083 3982 monitum
1100 3927 1273 3983 advento“.

150 4064 154 4072 ,
243 4017 271 4086 2)
292 4015 334 4072 Cf.
354 4017 435 4070 etiam
455 4015 638 4085 fragmentum
658 4034 692 4071 ex
712 4018 858 4086 Pomponii
877 4017 974 4072 fabula
994 4018 1123 4074 Atellano.
1134 4019 1274 4074 Praecone

153 4105 308 4174 posteriore
327 4111 465 4160 servatum
484 4103 529 4174 (fr.
548 4106 574 4160 X
593 4122 619 4173 p.
640 4109 691 4159 297
711 4106 826 4175 Ribb.):.
929 4153 932 4157 .
1047 4137 1050 4140 -

295 4195 372 4263 „Ego
391 4192 484 4249 dedita
503 4201 643 4262 operate,
663 4201 750 4263 pater,
770 4196 857 4250 solum
875 4195 951 4250 foras

294 4283 403 4351 Seduxi,
422 4291 453 4337 ut
472 4300 506 4338 ne
526 4285 586 4351 quis
606 4273 680 4339 esset
698 4285 778 4339 testis
797 4285 896 4339 tertius

292 4379 480 4441 praetenues,
499 4373 550 4426 tibi
569 4389 629 4427 oum
648 4372 790 4430 tunderem
808 4374 901 4430 labeas
920 4375 1041 4430 lubens.“
