3098 5204
80 622 200 696 tarum,
225 611 714 701 repetitionescolloquiorum,
727 625 880 678 'scaenae
897 610 1069 699 inquibus
1086 610 1198 677 altera
1228 681 1234 695 ‚

80 739 222 806 persona
234 717 378 784 alteram
390 716 615 804 subsequitur,
632 727 772 786 scaenae
787 715 823 782 in
839 715 1109 802 quibusduarum
1125 707 1198 802 per*-v

81 845 233 892 sonarum
246 844 458 910 egressarnm
471 821 583 888 altera
595 820 701 888 alteri
711 819 839 908 aliquid
849 819 996 903 mandat,
1010 819 1126 888 idest:
1143 842 1212 916 exj

81 929 171 995 ordia
182 928 419 1017 plerarumque
430 948 538 995 novae
548 925 738 993 comoediae
750 947 947 993 scaenarum
958 925 1111 1014 exempla
1121 947 1219 1018 pro-s

80 1014 366 1120 suncampus.
390 1031 517 1098 assem
530 1030 702 1099 cessare
717 1021 926 1098 seesima
939 1029 1198 1116 quibusmodis
1289 1043 1291 1052 ¹

80 1137 210 1224 singula
221 1140 300 1205 orta
312 1136 382 1202 sint
393 1135 586 1217 indicemus,
598 1116 695 1203 nobis
706 1157 773 1201 non
785 1135 963 1220 contingit,
979 1138 1016 1202 et
1027 1133 1197 1222 quodtra-

78 1242 169 1328 gicus'
176 1223 335 1307 nimirum
343 1239 505 1328 pleraque
516 1240 658 1306 inventa
668 1238 854 1306 identidem
866 1238 1050 1306 adhibebat
1063 1243 1098 1305 et
1108 1238 1197 1326 quod

79 1346 239 1434 plurimae
270 1344 407 1411 fabulae
429 1343 602 1432 Euripidis
634 1345 729 1411 nobis
762 1347 919 1411 servatae
951 1343 1042 1430 apud
1063 1347 1196 1412 'veteres

80 1473 142 1518 non
163 1453 234 1519 tam
249 1449 445 1541 praeclarae
469 1452 578 1530 erant,
601 1452 642 1514 ut
659 1470 857 1534 quemquam
870 1469 936 1527 ¹eas
959 1449 995 1514 in
1012 1439 1198 1535 exemplum

82 1553 297 1640 assumpsisse
320 1554 395 1620 veri
418 1552 526 1620 simile
541 1552 616 1620 sit·
635 1552 924 1641 ¹‘TamenMedeae
947 1553 1056 1640 prima
1079 1574 1209 1626 scaena*

79 1661 233 1727 affectum
257 1658 395 1741 doloris,
431 1657 599 1748 Telephus
621 1657 738 1725 fabula
760 1655 954 1744 inquietam·
976 1657 1088 1738 amiud,
1117 1679 1209 1744 pror,

78 1763 171 1850 logns
187 1756 420 1831 Stheneboeae
436 1761 740 1830 considerationem
764 1784 837 1828 esse
861 1783 994 1828 causam
1009 1762 1198 1850 prodeundi

78 1891 172 1956 posse
194 1873 314 1956 poetas
336 1859 488 1935 docuisse
510 1867 592 1932 mihi
614 1867 770 1950 videtur;
803 1889 845 1934 ex
868 1865 1059 1954 Hippolyto
1083 1872 1198 1934 autem

80 1977 120 2057 (ν.
144 1973 220 2058 601)
251 1972 334 2045 duas
367 1993 528 2058 personas
559 1994 648 2039 nova
679 1971 813 2038 ratione
846 1971 947 2039 simul
977 1972 1013 2040 in
1046 1993 1198 2053 scaenam

80 2079 208 2159 ducere,
232 2099 275 2143 ex
289 2076 436 2147 Hercule
451 2077 625 2164 negotium
648 2078 684 2142 in
707 2097 827 2144 scaena
848 2077 1002 2170 mandari
1017 2077 1199 2161 interdum,

79 2183 228 2270 quamvis
250 2186 393 2248 naturae
417 2183 561 2248 veritati
583 2205 650 2249 non
672 2181 904 2269 responderet,
928 2186 1071 2272 propter
1087 2188 1199 2251 artem

78 2272 487 2375 poeticam‘nccessarium
512 2309 583 2354 esse
605 2286 788 2368 discebant,
818 2287 910 2353 Ionis
934 2309 1055 2354 scaena
1077 2287 1118 2354 iis
1141 2289 1198 2358 de-

78 2393 306 2473 monstrabat,
339 2412 404 2479 quo
437 2391 534 2459 modo
558 2391 719 2477 repetitio
744 2391 901 2478 colloquii
924 2397 1022 2458 extra
1045 2415 1198 2460 scaenam

75 2497 202 2584 incepti
233 2500 322 2563 esset
354 2494 575 2562 instituenda.
632 2495 742 2562 Minus
774 2517 856 2563 vero
889 2496 1039 2582 singulas
1062 2497 1197 2565 fabulas

76 2623 174 2688 quam
196 2601 390 2669 universam
407 2599 580 2686 rationem
611 2603 714 2687 atque
746 2600 847 2678 velut¹
866 2599 1094 2668 derectionem
1124 2607 1197 2668 tra
1281 2647 1283 2652 .

74 2706 214 2791 goediae
237 2703 442 2790 Euripideae
475 2705 590 2772 comici
622 2707 861 2792 sequebantur,
876 2721 879 2727 ’
896 2696 969 2771 cum
992 2727 1125 2774 causam
1147 2707 1198 2773 in-

75 2811 201 2877 troitus
225 2809 361 2897 prologi
384 2812 420 2876 et
442 2809 535 2876 chori
558 2810 795 2896 neglegebant.

162 2913 234 2978 Iam
266 2914 295 2979 si
327 2913 469 2980 comicos
497 2915 773 3002 contemplamur,
807 2915 957 2997 inventa,
991 2937 1075 3002 quae
1098 2917 1198 2983 Euri-

73 3018 169 3106 pides
184 3040 328 3105 perraro
345 3017 556 3102 adhibuerat,
580 3019 616 3084 in
632 3019 755 3086 fabulis
779 3020 979 3086 comicorum
1002 3022 1197 3088 coacervari
1265 3077 1269 3086 .

72 3123 227 3190 notabile
252 3127 319 3190 est:
346 3143 430 3209 quae
454 3123 543 3210 apud
565 3124 735 3212 tragicum
759 3128 958 3190 ornamenta
973 3123 1122 3207 fuerant,
1146 3125 1198 3192 his

71 3233 164 3294 tamt
180 3227 374 3294 necessaria
408 3237 525 3310 erant,
560 3234 600 3293 ut
636 3249 656 3294 a
689 3227 878 3294 comoediae
912 3251 1034 3315 genere
1067 3216 1218 3295 dicendi⁴

72 3332 208 3418 seiungi
239 3354 306 3398 non
337 3336 477 3418 possent
487 3357 496 3420 3
532 3354 610 3399 nam
647 3332 675 3398 si
708 3332 834 3398 fabulis
867 3355 977 3399 novae
1009 3333 1207 3402 comoediae*

71 3439 236 3504 affectum
259 3457 393 3504 causam
417 3437 571 3520 adeundi,
606 3436 775 3524 colloquia
806 3436 947 3503 duarum
978 3460 1199 3525 personarum

71 3544 217 3620 secreta,
242 3541 480 3628 repetitionem
503 3542 630 3628 incepti
652 3540 813 3628 colloquii
841 3541 1002 3625 demersa,
1037 3565 1103 3609 non
1132 3543 1198 3610 iam

71 3656 191 3714 essent
213 3645 350 3712 fabulae
372 3667 481 3714 novae
503 3646 702 3713 comoediae.
748 3646 832 3714 Tale
863 3646 944 3733 quid
966 3670 1039 3715 cum
1061 3648 1096 3713 in
1120 3671 1198 3735 quo-

70 3752 153 3818 dam
185 3773 311 3836 genere
341 3751 473 3838 poetico
497 3751 629 3832 accidit,
667 3751 850 3819 cavendum
881 3755 942 3834 est,
976 3775 1018 3818 ne
1050 3774 1092 3818 ex
1121 3756 1199 3820 arte

70 3855 282 3922 consuetudo
305 3855 375 3923 fiat.
420 3856 495 3923 Hoc
517 3857 702 3944 periculum
724 3857 864 3924 comicos
886 3879 954 3922 non
977 3879 1108 3945 semper
1130 3857 1199 3926 evi-

69 3961 207 4028 tavisse
231 3983 272 4026 ex
295 3960 426 4049 aliquot
447 3961 530 4028 locis
553 3962 669 4029 allatis
688 3962 908 4030 manifestum
932 3970 992 4028 est.

164 4064 286 4131 Omnes
317 4065 469 4132 rationes
501 4087 684 4154 causasque
715 4088 735 4132 a
765 4055 895 4133 comicis
918 4071 1071 4152 receptas
1095 4066 1197 4133 solius

69 4168 253 4236 Menandri
277 4168 424 4251 fabulae,
448 4171 571 4258 quippe
595 4193 680 4258 qnae
704 4171 773 4238 sint
795 4171 969 4257 plurimae,
993 4171 1088 4236 nobis
1108 4170 1198 4236 exhi-

70 4277 177 4357 bent;
202 4273 322 4361 quibus
345 4275 382 4339 in
404 4275 481 4342 aliis
498 4275 616 4342 formis
634 4275 708 4358 alia
722 4274 886 4342 accedunt
903 4274 1097 4342 testimonia
1119 4275 1199 4341 reli-

72 4402 222 4466 quorum
239 4379 447 4446 comicorum.
482 4380 605 4468 Itaque
621 4403 699 4447 num
716 4380 831 4447 comici
852 4381 888 4446 in
902 4379 954 4446 his
971 4380 1080 4447 causis
1095 4383 1199 4469 atque

99 4503 197 4547 Harms.
970 4486 990 4550 5
