3098 5204
867 337 929 451 ra¹

591 563 615 624 dr
642 559 718 643 φάος
742 558 830 644 ἁγνὸν
1081 645 1084 651 ¹

589 664 638 728 uni
662 672 717 749 γῆς
742 665 867 750 ἰσόμοιρ’
894 663 961 750 ἀὴρ,
988 667 1029 736 ὣς
1054 689 1102 748 μοι

589 769 700 843 πολλὰς
725 769 777 854 μὲν
791 771 920 856 ’θρήνων
944 768 1036 856 ᾠδάς,

552 891 556 899 ’
590 873 702 948 πολλὰς
726 876 752 938 δ’
777 877 911 962 ἀντήρεις
935 870 1033 960 ᾔσθου

590 981 718 1066 στέρνων
742 978 857 1062 πλαγοίς
881 969 1119 1066 αἱμασσομένοιν,

521 1099 524 1104 ’
590 1088 698 1150 ὁπόταν
723 1083 854 1170 δνοφερὰ
876 1085 924 1156 νὺξ
950 1085 1193 1170 ὑπολειφθῇ...

279 1269 281 1276 Α
330 1187 462 1255 Codicis
478 1189 701 1257 Laurentiani
717 1189 878 1257 scholium
900 1189 987 1256 hanc
1010 1188 1213 1256 sententiam
1235 1187 1277 1254 de
1299 1185 1351 1252 his
1374 1207 1454 1252 ver-

329 1293 380 1359 bis
402 1294 552 1380 profe'rt:
589 1293 735 1378 ,“,...ἐτιεὶ
760 1293 792 1357 δὲ
815 1295 911 1379 ἀηθές
933 1294 995 1358 ἐστι
1017 1292 1089 1378 πρὸς
1112 1291 1179 1364 τοὺς
1202 1289 1313 1363 θεατὰς
1335 1295 1354 1374 ἢ
1378 1288 1454 1374 πρὸς

333 1397 440 1482 ἑαυτὴν
465 1401 557 1462 ταῦτα
582 1399 783 1481 διαλέγεσθαι,
817 1403 857 1471 ὡς
881 1399 1116 1488 ἀπορερρορένη
1140 1401 1200 1468 τοῖς
1226 1398 1306 1467 θεοῖς
1328 1400 1348 1479 ’ἠ
1374 1394 1455 1479 μάρ-

329 1525 418 1587 τυρας
441 1508 499 1566 τῶν
524 1503 644 1588 θρήνων
664 1506 799 1568 καλοῦσα
821 1501 892 1590 πρὸς
915 1502 952 1566 τὰ
969 1505 1102 1589 στοιχεῖα
1117 1503 1243 1566 ποιεῖται
1255 1499 1313 1590 ιτὸν
1330 1501 1453 1582 lepor.

329 1605 457 1673 Eadem
479 1607 613 1675 ratione
636 1607 807 1689 Wolffius
834 1607 1118 1676 Wilamowitzius
1141 1605 1269 1692 (Herm.
1294 1606 1344 1685 18,
1369 1603 1453 1670 215:

332 1710 409 1795 „Sie
424 1712 510 1778 tritt
527 1714 596 1794 auf,
621 1712 686 1779 den
701 1712 901 1780 Elementen
916 1712 992 1778 ihre
1007 1711 1134 1778 Leiden
1158 1734 1201 1776 zu
1215 1710 1340 1795 klagen
1354 1760 1360 1774 .
1376 1759 1382 1774 .
1396 1708 1453 1794 .“),

330 1815 619 1885 Wolterstorffins
651 1816 739 1884 hunc
770 1817 880 1883 locum
902 1815 1118 1904 intellegunt.
1163 1816 1319 1904 Apparet
1342 1813 1455 1900 igitur

330 1918 504 2007 Sophoclis
535 1943 665 2008 quoque
697 1921 846 1988 fabulam
877 1921 1033 1988 exhibere
1062 1941 1242 2009 personam
1274 1918 1452 1986 elementis

330 2025 482 2104 miserias
506 2029 775 2112 conquerentem.
814 2025 879 2092 Sed
903 2049 987 2092 unns
1010 2025 1065 2092 hic
1087 2025 1180 2091 locus
1204 2029 1256 2090 est
1281 2023 1370 2112 apud
1390 2023 1452 2088 So-

329 2129 497 2218 phoclem;
531 2133 567 2197 et
590 2129 767 2218 quodiam
791 2129 867 2198 inda
889 2129 1043 2198 concludi
1064 2152 1162 2217 posse
1184 2128 1332 2210 videtur,
1363 2149 1452 2195 com-

330 2234 461 2321 ponatis
483 2234 566 2300 locis
590 2234 750 2304 Electrae
772 2239 808 2301 et
830 2233 969 2302 Medeae
998 2234 1231 2301 confirmatur:
1267 2231 1452 2320 Sophocles
1529 2269 1530 2322 3

329 2360 398 2404 non
428 2339 496 2406 iam
528 2350 687 2406 accurate
718 2361 851 2406 causam
882 2339 1030 2406 indicare
1061 2339 1206 2422 debet1),
1238 2359 1321 2423 ergo
1349 2337 1454 2402 Euri·

329 2442 440 2530 pidem
463 2443 658 2531 sequitur).

344 2591 348 2594 -
417 2547 513 2616 Hanc
542 2569 662 2616 novam
695 2553 798 2636 atque
829 2549 1017 2616 inauditam
1046 2549 1213 2616 rationem
1236 2547 1349 2613 aditus
1372 2567 1454 2634 pro·

330 2651 432 2720 bandi
447 2653 564 2720 statim
587 2675 608 2720 a
630 2655 740 2741 poetis
756 2656 930 2740 arreptam
952 2675 1024 2720 esse
1048 2657 1083 2721 et
1099 2656 1297 2739 usurpatam
1314 2654 1452 2740 praeter

330 2755 505 2842 Sophoclis
529 2758 717 2844 exemplum
740 2779 841 2843 supra
864 2757 1008 2824 allatum
1031 2758 1214 2824 ostendunt
1237 2755 1372 2830 scholia,
1406 2756 1460 2839 si·¹
1528 2763 1529 2770 ’

330 2861 464 2950 quidem
485 2861 572 2944 inde,
607 2862 697 2949 quod
724 2861 845 2929 horum
867 2861 1014 2928 locorum
1042 2862 1135 2946 καλὴν
1156 2863 1283 2947 ,μίμησιν
1306 2859 1451 2928 laudant

330 2969 374 3050 (v.
399 2965 501 3032 schol.
524 2967 611 3033 Med.
636 2967 707 3054 57),
741 2967 778 3033 in
801 2967 863 3034 hac
886 2965 1019 3038 ratione
1042 2967 1155 3034 aditus
1177 2965 1342 3055 probandi
1364 2965 1451 3032 nihil

330 3071 489 3138 inusitati
512 3071 712 3138 scholiastae
736 3073 878 3140 sensisse
900 3071 1017 3158 colligi
1039 3075 1169 3160 potest3
1194 3076 1298 3159 atque
1320 3071 1449 3161 apertis

330 3176 442 3244 verbis
474 3177 623 3264 tragicos
655 3176 716 3243 hac
746 3198 848 3244 causa
879 3200 958 3245 usos
991 3199 1065 3244 esse
1096 3177 1256 3245 scholium
1278 3175 1404 3242 Phoen.
1432 3179 1446 3240 1
1527 3175 1528 3186 ’

245 3339 248 3346 .
329 3283 492 3348 testatur.
528 3281 638 3363 Quid?
670 3281 791 3349 Nonne
806 3281 965 3350 habemus
980 3281 1221 3368 Aristophanis
1237 3281 1450 3369 praeclarum

330 3385 583 3453 testimonium?
626 3385 693 3468 Qui
721 3387 819 3453 initio
842 3387 1025 3454 Ecclesiae.
1049 3385 1280 3472 Praxagoram
1308 3384 1448 3452 ridicule

330 3489 393 3557 hoo
415 3491 589 3557 exordium
611 3490 867 3578 detorquentem
889 3491 1029 3570 inducit,
1062 3512 1135 3556 cum
1157 3514 1225 3557 non
1247 3489 1361 3572 solem,
1392 3489 1451 3558 ssd

330 3594 511 3677 lucernam,
536 3618 635 3682 quam
658 3598 786 3684 portat,
811 3595 1013 3682 alloquitur:

535 3693 576 3763 Ὦ
598 3699 731 3787 λαμπρὸν
756 3701 838 3786 ὄμμα
860 3706 911 3764 τοῦ
934 3700 1120 3787 τροχηλάτου
1143 3701 1252 3782 λύχνου

539 3805 670 3870 κάλλιστ’
695 3808 725 3870 ἐν
749 3807 932 3892 εὐστόχοισιν
957 3806 1166 3891 ἐξηυρημένον.

425 3981 451 4049 1)
472 3979 549 4048 Quod
578 3981 700 4048 quamvis
726 3997 840 4049 parvum
868 3997 928 4036 esse
952 3980 1081 4034 indicium
1107 3981 1238 4049 temporis
1266 3979 1377 4034 fabulae
1405 3981 1453 4036 So·
1525 4049 1526 4054 ἵ

332 4071 463 4139 phocleae
482 4075 556 4139 puto.
884 4134 887 4145 1

422 4161 450 4228 2)
469 4159 502 4212 In
521 4160 588 4214 Eur.
608 4159 652 4213 El.
672 4178 696 4213 v.
716 4163 750 4213 54
771 4177 841 4228 „nox
861 4168 930 4225 atra,
958 4161 1098 4214 'stellarum
1118 4161 1212 4215 nutrix
1231 4159 1391 4214 aurearum“
1413 4160 1453 4212 in·

331 4255 453 4317 vocatur,
473 4247 522 4303 sed
539 4247 654 4304 affectus
674 4265 729 4302 non
749 4256 791 4303 est
810 4265 893 4304 causa
911 4248 1078 4319 prodeundi3
1102 4249 1213 4303 Electra
1232 4249 1302 4302 enim
1315 4254 1454 4314 aquatura

254 4396 256 4400 ,
332 4337 456 4407 procedit
474 4354 571 4392 urnam
590 4354 680 4393 secum
700 4344 822 4406 portans.
