3098 5204
545 401 795 503 ¹47,

12 605 13 608 ‘
96 599 275 676 niceana
305 609 493 686 allaturum
525 609 671 678 armeus
701 566 736 677 a
759 609 795 675 a
816 635 847 678 v.
873 611 936 676 302
968 611 1057 678 uem
1080 610 1239 677 romes-
1309 675 1311 680 s

98 735 164 780 una
188 737 261 781 cum
285 714 545 802 Sophoclidisca,
578 737 678 802 quam
692 737 695 742 ’
710 715 869 798 remittit,
902 715 999 781 domo
1033 715 1220 803 egreditur.

12 895 13 898 Ἴ
96 820 137 885 In
166 841 286 886 scaena
309 821 428 885 abac.
458 818 614 886 Toxilum
645 821 747 886 etiam
776 823 1005 887 remanentem
1026 821 1069 886 'in
1100 841 1220 886 scaena

96 924 182 990 facit
204 928 316 1012 poeta,
341 927 381 990 ut
403 945 477 990 cum
500 917 734 1012 Sagaristione
757 913 981 1011 colloquatur.
1025 982 1027 987 .

182 1029 213 1094 2.
231 1071 233 1079 ι
249 1028 408 1096 Alterum
441 1029 576 1112 modum
598 1021 782 1096 Menander
814 1030 851 1096 in
884 1028 973 1123 Eun,
995 1051 1116 1096 scaena
1136 1029 1217 1111 11,1

12 1129 14 1198 ζ
96 1133 260 1216 adhibuit,
284 1133 320 1199 in
340 1155 406 1220 qua
417 1132 591 1201 ‘Phaedria
614 1156 672 1200 rus
695 1133 806 1200 iturus
823 1133 895 1201 exit
911 1138 946 1201 et
963 1157 1097 1202 servum
1120 1135 1220 1202 simul
1306 1209 1307 1212 Ἴ

12 1219 14 1232 ¹
97 1260 267 1324 egressum
290 1238 533 1305 Parmenonem
554 1239 645 1327 dona
667 1237 710 1304 ad
733 1238 895 1307 Thaidem
925 1238 1090 1306 deducere
1112 1225 1228 1307 iubet.¹

12 1377 15 1446 ᾗ,
96 1343 136 1408 In
160 1343 275 1409 eadem
292 1343 409 1428 fabula
430 1343 520 1409 idem
542 1343 667 1410 iterum
683 1343 811 1410 occurit
825 1344 862 1409 in
878 1367 908 1409 v.
925 1345 989 1410 499
1003 1345 1045 1411 ss.
1092 1344 1217 1412 Similis

12 1463 14 1472 ¹
96 1454 149 1514 est
172 1469 291 1515 scaena
315 1447 413 1535 Capt.
441 1449 503 1514 110
516 1471 559 1514 ss.

12 1567 13 1580 ³
183 1553 212 1617 3.
228 1552 309 1618 ,Iam
326 1553 354 1618 si
370 1553 558 1640 exemplum
567 1553 694 1630 tertiae
707 1553 852 1621 rationis
865 1553 1064 1640 quaerimus,
1080 1558 1218 1640 praesto
1243 1557 1247 1569 ’

12 1657 13 1692 f
97 1660 147 1722 est
178 1657 238 1724 ille
266 1657 360 1724 locus
384 1657 544 1731 Pseudoli
566 1681 598 1725 v.
626 1658 756 1743 133sa:
790 1657 882 1723 Leno
906 1657 1018 1724 Ballio
1041 1657 1219 1723 adfurum

12 1779 13 1786 ¹
96 1762 210 1827 iturus
227 1766 348 1830 evocat
364 1762 519 1844 lorariOS,
543 1765 583 1827 ut
609 1761 662 1843 iis,
686 1761 764 1827 dum
780 1762 878 1828 domo
894 1763 1056 1845 abscedit,
1079 1763 1218 1831 mandet

97 1863 235 1955 aliquid.
282 1868 377 1950 Quae
401 1868 522 1934 omnia
535 1868 623 1954 quod
655 1872 775 1934 contra
806 1860 990 1936 veritatem
1012 1868 1098 1935 foris
1121 1868 1217 1950 fiunt,
1266 1939 1270 1946 ,

95 1973 129 2037 in
152 1967 394 2059 eo'Langenus
417 1973 491 2038 iure
515 1972 640 2056 lPlaut.
664 1972 788 2058 Beitr.)
812 1973 973 2056 offendit;
1006 1972 1065 2038 sed
1093 1972 1157 2040 hoc
1180 1995 1234 2038 eo*

95 2077 284 2162 mitigatur,
316 2077 416 2164 quod
434 2077 511 2144 leno
542 2076 586 2159 id,
619 2076 708 2166 quod
739 2077 843 2144 etiam
872 2077 1108 2145 meretricibus
1138 2081 1220 2144 ante
1285 2067 1286 2072 ἵ

12 2201 13 2206 ’
96 2181 220 2248 ostium
241 2204 309 2248 non
330 2181 426 2248 nulla
456 2181 604 2262 mandat,
637 2181 748 2248 verbis
782 2185 920 2248 excusat
944 2182 987 2268 (v.
1015 2181 1104 2272 171);
1145 2181 1218 2264 ,vel

95 2287 237 2374 operire,
263 2289 315 2353 est
337 2286 426 2374 quod
448 2286 538 2352 domi
560 2285 672 2352 dicere
695 2307 801 2374 paene
824 2285 951 2353 oblitus
975 2285 1054 2350 fui.“

180 2391 275 2458 Idem
309 2392 399 2478 quod
433 2393 469 2456 in
502 2390 658 2457 P'seudol.
694 2391 879 2458 Menander
912 2391 1072 2476 Langeno
1108 2390 1217 2458 iudice

94 2496 261 2564 commisit
281 2497 445 2578 mendum,
478 2496 579 2562 etiam
602 2497 637 2561 in
660 2496 778 2562 Aulul.
803 2520 834 2562 v.
858 2497 923 2560 268
934 2519 977 2562 ss.
1003 2497 1217 2578 observatur,

95 2624 158 2689 quo
192 2601 266 2668 loeo
295 2601 414 2667 Euclio
449 2601 492 2668 ad
524 2601 637 2668 forum
669 2602 782 2667 iturus
806 2599 1005 2686 Staphylae,
1040 2604 1218 2687 postquam
1245 2667 1246 2672 ,

12 2745 13 2748 =
94 2706 259 2788 evocavit,
289 2707 464 2792 negotium
485 2707 634 2773 mandat.
681 2707 781 2772 Tales
804 2727 939 2773 scaenas
962 2704 1053 2792 apud
1075 2705 1217 2791 comicos

94 2811 247 2896 Graecos⁷
264 2835 332 2878 non
354 2811 538 2879 inusitatas
563 2835 633 2878 esse
657 2811 760 2878 etiam
782 2810 998 2877 Mnesimaohi
1021 2808 1217 2896 fragmento

93 2915 248 3002 dlKock
270 2917 307 2982 Il
329 2940 361 3004 p.
384 2917 462 3003 437)
485 2921 521 2983 et
543 2917 745 2984 Menaechm.
779 2917 932 2986 versibus
963 2915 1081 2982 220ss,
1107 2917 1217 2982 osten·
1290 2982 1292 2986 .

94 3020 199 3087 ditur.

397 3350 399 3354 ,
532 3275 687 3342 CAPVT
710 3275 776 3341 ΙΙΙ.
839 3321 843 3327 -
915 3340 920 3348 ,
976 3265 977 3268 '

586 3409 712 3480 Varia

12 3623 13 3628 ἵ
180 3535 258 3603 Non
282 3533 390 3614 solum
413 3533 456 3600 in'
469 3534 522 3637 his
537 3523 735 3616 rationibus,
760 3553 845 3620 quae
869 3554 911 3598 ex
933 3531 1079 3616 ingenie,
1102 3534 1143 3597 ut
1165 3531 1217 3597 ita

12 3702 13 3710 ,
92 3641 210 3724 dicam,
245 3639 444 3726 tragoediae
466 3638 670 3726 Euripideae
699 3641 802 3704 natae
837 3640 926 3718 suut,
962 3636 1021 3702 sed
1055 3636 1159 3704 etiam
1181 3637 1218 3702 in

12 3731 14 3816 s
91 3749 192 3814 rebus
225 3746 355 3832 exiguis
389 3744 589 3833 quibusdam
622 3743 738 3810 comici
770 3746 881 3809 artem
904 3741 1076 3828 Euripidis
1110 3741 1217 3807 secuti

92 3853 183 3918 sunt.

12 3957 14 3968 '
181 3977 210 4020 a.
234 3953 337 4042 Apud
352 3955 521 4040 tragicum
538 3954 624 4019 enim
639 3975 707 4019 non
721 3973 900 4039 numquam
914 3951 964 4032 fit,
985 3952 1025 4015 ut
1040 3971 1215 4038 personae,

13 4063 14 4074 ²
93 4061 272 4146 postquam
295 4057 376 4146 quid
398 4059 434 4124 in
457 4079 576 4124 scaena
592 4060 705 4125 actum
721 4060 813 4124 esset
828 4055 1042 4132 audiverunt,
1066 4055 1102 4118 in
1125 4075 1216 4122 scae-

12 4169 14 4256 }
92 4187 169 4232 nam
191 4165 341 4233 veniant.
403 4234 407 4238 ,

12 4280 13 4288 ’
169 4269 342 4354 Androm.
369 4271 462 4336 1047.
498 4268 619 4335 Peleus
655 4288 789 4335 rumore
824 4267 865 4332 de
897 4265 1099 4332 Hermionae
1133 4263 1217 4350 fuga

12 4373 14 4428 Ϊ
92 4375 210 4445 audito
234 4375 338 4457 venit,
362 4378 403 4441 ut
425 4374 618 4442 accuratius
641 4373 723 4460 quid
745 4376 878 4458 gestum
901 4370 949 4439 sit
971 4369 1168 4464 comperiat.
