3098 5204
628 437 670 538 a

74 609 287 696 Euripidem
325 613 417 676 metu
455 631 556 676 causa
592 611 779 698 prodeundi
816 612 868 678 uti
902 612 1084 678 nescierint
1091 635 1098 695 ;
1136 635 1213 678 nam

73 715 340 802 Aristophanes
375 714 409 781 iu
440 713 524 781 Ach.
550 716 614 780 176
648 718 684 782 et
715 715 803 781 Nub.
830 715 930 798 1321,
965 738 1047 802 quas
1079 713 1228 785 fabulas¹

75 821 172 887 ante
195 841 266 886 eam
290 819 440 886 fabulam
458 817 687 908 Euripideam,
711 819 752 887 de
776 841 842 906 qua
865 820 990 907 agitur,
1015 822 1211 907 composuit,

75 947 252 1013 personas
296 924 418 991 timore
455 926 675 1011 perturbatas
719 923 755 990 in
793 946 944 992 scaenam
981 925 1133 1006 induxit3
1177 931 1213 994 et

75 1029 300 1115 Aeschylum
317 1028 490 1115 Euripidis
507 1029 678 1116 exemplar
693 1029 798 1096 fuisse
813 1030 907 1096 infra
922 1031 1105 1097 ostendam.
1144 1031 1211 1100 Sed

77 1156 164 1200 eam
192 1133 336 1200 formam
366 1132 496 1200 exordii
525 1133 646 1200 talium
669 1156 876 1215 scaenarum,
910 1155 1008 1222 quam
1031 1135 1210 1224 Euripides

76 1238 231 1320 invenit,
255 1237 372 1304 comici
395 1237 504 1304 secuti
527 1241 616 1304 sunt.

176 1343 310 1409 Primus
333 1341 523 1428 Aeschylus
552 1363 713 1430 personas
744 1348 838 1410 metu
866 1343 959 1410 intus
991 1343 1027 1410 in
1056 1365 1208 1411 scaenam

77 1448 260 1533 fugientes
284 1447 377 1528 lecit,
410 1450 450 1513 ut
481 1467 566 1534 quae
597 1447 690 1514 intus
721 1447 894 1530 vidissent,
927 1454 1122 1516 narrarent.
1167 1449 1211 1514 ln

81 1551 237 1640 Chooph.
272 1576 301 1617 v.
324 1551 389 1617 875
424 1573 543 1618 servus
576 1573 617 1618 ex
649 1551 865 1636 andronitide
899 1553 1069 1639 procurrit
1101 1556 1209 1620 morte

80 1655 251 1743 Aegisthi
273 1654 482 1743 perterritus
507 1662 543 1722 et
565 1655 731 1722 dominum
756 1659 912 1722 necatum
945 1679 1018 1724 esse
1049 1657 1149 1724 choro
1174 1661 1209 1724 et

83 1761 362 1848 Clytaemestrae
399 1761 548 1827 nuntiat.
607 1760 649 1825 In
682 1760 776 1826 Eum.
810 1761 854 1826 34
890 1761 1045 1827 sacerdos
1082 1784 1235 1850 pavore-

82 1866 281 1932 exanimata
312 1865 530 1951 manibusque
562 1864 703 1950 gradum
735 1864 949 1946 titubantem*
976 1864 1139 1934 adiuvans
1169 1889 1210 1932 ex

82 1971 216 2059 templo
249 1969 365 2057 prodit
398 1973 501 2057 atque
535 1969 625 2057 quod
656 1968 822 2035 horribile
858 1970 1083 2056 spectaculum
1118 1971 1209 2038 intus
1340 2053 1346 2062 .

83 2076 218 2142 viderit
240 2079 389 2140 enarrat.

176 2179 373 2266 Euripides,
409 2178 467 2264 qui
499 2176 585 2243 hanc
617 2198 752 2244 causam
784 2177 887 2244 etiam
919 2178 1022 2245 aliter
1056 2178 1210 2245 adhibuit

85 2285 173 2369 (Ion.
192 2284 299 2371 1250),
324 2305 363 2350 ea
379 2305 485 2370 aeque
500 2286 604 2370 atque
619 2281 812 2368 Aeschylus
836 2305 914 2350 usus
937 2286 998 2365 est,
1023 2287 1062 2350 ut
1081 2281 1211 2349 aditum

85 2388 245 2477 exangeli
261 2391 434 2475 probaret.
474 2385 557 2452 Cum
573 2385 751 2472 Sophoclei
766 2390 891 2454 exeant
906 2385 1061 2472 exaugeli
1077 2387 1211 2474 (Antig.

86 2495 184 2577 1278,
217 2493 297 2561 Oed.
322 2515 394 2579 reg.
419 2492 512 2572 1223,
546 2489 666 2557 Traoh.
690 2492 775 2573 871),
809 2500 848 2558 ut
879 2491 1017 2557 chorum
1047 2491 1209 2558 derebus
1289 2518 1291 2523 ·

85 2601 183 2666 intus
204 2599 311 2686 gestis
335 2597 515 2665 certiorem
537 2596 677 2679 faciant,
702 2595 880 2684 Euripides
904 2619 1022 2662 rursus
1046 2596 1211 2682 Aeschyli

87 2704 236 2790 vestigia
257 2702 400 2791 pressit;
426 2701 485 2768 sed
502 2690 703 2788 magistrum
726 2702 897 2787 corrigere
920 2705 1060 2769 conatus
1084 2702 1211 2791 affectu

86 2810 219 2878 timoris
243 2831 309 2875 non
333 2808 440 2874 solum
463 2807 575 2874 utitur
599 2828 702 2873 causa
724 2806 878 2890 adeundi,
914 2807 972 2874 sed
995 2810 1121 2873 metum
1144 2830 1210 2873 om·
1312 2824 1317 2830 ·

87 2914 187 2980 nibus
223 2913 333 2981 verbis
366 2912 589 2998 universaque
622 2911 820 2977 narratione
854 2911 1012 2998 exangeli
1047 2912 1211 2999 effingere

90 3019 225 3086 studet:
259 3018 381 3104 Phryx
403 3017 608 3104 Euripideus
640 3020 732 3083 metu
757 3019 859 3104 atque
881 3039 1009 3105 pavore
1032 3021 1211 3104 tantopere

89 3126 313 3213 perturbatus
327 3126 362 3203 et
374 3121 563 3188 concitatus
576 3124 639 3204 est,
655 3124 695 3186 ut
708 3121 841 3188 omnino
854 3144 919 3209 quo
933 3121 1048 3208 fugiat
1059 3113 1209 3208 ignoret:

189 3246 243 3314 Or.
268 3246 352 3312 1375
388 3246 467 3308 αἰαῖ·
491 3248 533 3307 πᾶ
556 3243 653 3328 φύγω,
678 3243 765 3326 ξέναι,

387 3348 487 3413 πολιὸν
512 3349 608 3432 αἰθέρ’
632 3349 693 3432 ἀμ-

385 3454 531 3538 πτάμενος
554 3457 573 3538 ἢ
597 3453 711 3532 πόντον,
734 3451 874 3525 Ὠκεανὸς
897 3455 929 3518 ὃν

386 3560 584 3644 ταυρόκρανος
608 3557 750 3640 ἀγκάλαις
774 3557 855 3622 ἑλίσ-

387 3690 448 3728 σων
470 3666 574 3726 κυκλοῖ
596 3664 709 3748 χθόνα;

92 3780 222 3848 Deinde
245 3780 346 3847 choro
370 3801 424 3846 res
448 3778 541 3845 intus
564 3781 679 3864 gestas
704 3777 852 3864 exponit.

179 3904 275 3971 Hanc
297 3926 449 3970 scaenam
473 3901 604 3969 Orestis
629 3901 744 3967 comici
765 3900 893 3966 imitati
916 3901 996 3965 sunt
1007 3898 1039 3984 ¹).
1075 3897 1212 3964 Bromia

94 4010 129 4078 in
151 4008 321 4096 Amphitr.
344 4032 377 4076 v.
398 4008 481 4074 1053
507 4029 548 4073 ax
571 4006 708 4074 aedibus
731 4005 903 4093 procurrit
926 4006 963 4070 et
984 4006 1077 4070 matu
1100 4002 1212 4069 exani·

184 4215 210 4283 1)
229 4213 299 4268 Vide
318 4213 419 4267 Leonis
447 4214 495 4280 Qu.
524 4213 577 4266 ΡΗ
605 4228 667 4281 pag.
691 4216 748 4267 133.
768 4243 802 4252 -
821 4211 1001 4266 Fraenkelius
1029 4228 1054 4278 p.
1076 4213 1110 4263 50
1137 4215 1212 4264 recta

97 4304 281 4373 Olympionem
300 4303 327 4355 in
348 4302 448 4356 Casina
466 4307 493 4355 et
512 4303 650 4355 Bromium
675 4303 703 4355 in
723 4301 922 4370 Amphitruone
941 4306 1013 4356 metu
1037 4300 1066 4353 in
1086 4313 1212 4352 scaenam

96 4392 229 4462 fugientes
249 4391 365 4445 contulit
384 4406 444 4444 oum
463 4390 570 4459 Phryge
588 4390 748 4459 Euripidae.
