3098 5204
607 457 651 520 45

70 626 236 694 certiores
258 626 354 710 fiant,
389 627 609 716 Euripideum
635 629 759 710 ¹saltem
782 629 924 698 formam
947 630 1080 718 prologi
1110 632 1194 698 bene

70 730 233 816 evitavit;
260 753 358 820 quam
374 732 403 798 si
417 732 635 814 adhibuisset,
659 733 797 800 Insania
810 733 1071 825 ,consuevisset
1097 753 1194 822 ,pro-

69 836 218 921 logum“.
902 891 906 900 ,

157 941 285 1009 Eodem
301 941 397 1011 modo
413 942 450 1008 in
464 941 589 1010 Phoen.
603 943 708 1009 vaso
723 965 778 1010 res
794 942 1004 1010 instituitur:
1025 943 1193 1025 Eteocles,

71 1072 169 1136 quem
192 1047 269 1114 dum
292 1047 412 1116 chorus
435 1050 553 1115 cantat
571 1047 679 1115 'intus
702 1048 807 1116 fuisse
831 1048 994 1117 scholium
1016 1049 1060 1116 ad
1083 1073 1113 1115 v,
1130 1050 1194 1116 690

70 1152 237 1241 quoddam
261 1155 296 1222 et
318 1152 486 1220 Ricardus
510 1151 663 1220 Arnoldt
678 1151 791 1238 (Ohor.
808 1152 958 1220 Tecbnik
973 1177 1005 1241 p.
1023 1153 1077 1240 23)
1100 1157 1193 1220 recte

69 1261 217 1338 monent,
251 1257 286 1322 in
321 1278 474 1324 scaenam
507 1256 624 1344 prodit
658 1261 693 1324 et
728 1279 861 1326 servum
893 1258 989 1325 iubet
1013 1258 1194 1326 Creontem

70 1385 257 1447 arcessere;
291 1361 354 1428 hoc
387 1383 518 1449 quoque
549 1361 631 1443 loco,
668 1385 728 1429 cur
760 1362 798 1446 is,
837 1363 893 1450 qui
924 1364 1098 1452 negotium
1121 1363 1191 1447 dat,
1220 1351 1221 1359 ἵ

69 1469 180 1548 exeat,
210 1466 312 1554 plane
333 1466 446 1554 ignari
469 1489 599 1552 sumus3
632 1471 820 1534 memoratu
844 1489 923 1534 vero
948 1469 1086 1556 dignum
1109 1472 1192 1556 puto

70 1575 206 1657 poetam
221 1570 274 1636 hic
288 1564 463 1638 Eteoclem
478 1571 540 1638 hac
554 1571 725 1638 commoda
747 1573 879 1639 ratione
899 1572 1081 1655 induxisse,
1104 1571 1193 1660 quod

69 1677 105 1743 in
128 1697 250 1743 scaena
271 1675 424 1764 proxima
446 1697 486 1742 ea
509 1699 655 1763 persona
677 1699 758 1764 opus
782 1682 866 1746 erat.

159 1782 188 1846 2.
220 1781 304 1849 Cum
333 1780 386 1847 his
414 1780 497 1847 locis
527 1781 708 1870 Euripides
744 1783 814 1849 eius
850 1804 1014 1868 personae
1048 1804 1192 1866 oausam,

72 1908 156 1972 quae
185 1886 361 1972 negotium
393 1884 540 1968 mandat,
582 1908 649 1953 non
681 1886 826 1974 amplius
867 1886 1123 1972 significaverit,
1157 1887 1193 1952 in

71 1989 286 2078 Supplicibus
318 2011 496 2076 personam
539 1990 753 2058 mandantem
788 2013 846 2058 cur
879 1992 917 2057 in
949 2012 1104 2059 scaenam
1144 1991 1193 2058 in·

71 2096 218 2176 duxerit,
242 2100 400 2182 apertum
416 2099 485 2177 est;
508 2117 586 2162 nam
602 2095 760 2178 Theseus,
786 2096 844 2182 qui
859 2095 894 2162 in
906 2119 942 2163 ,v.·
956 2097 1022 2185 '381
1040 2118 1193 2163 scaenam

70 2199 203 2282 introit,
238 2222 269 2265 v.
300 2199 473 2264 355-357
509 2221 545 2266 se
578 2222 651 2267 cum
691 2199 856 2268 militibus
896 2201 1085 2268 rediturum
1120 2223 1193 2268 esse

71 2304 264 2370 Eleusinem
294 2303 508 2389 promiserat,
543 2304 694 2371 sedeur
724 2305 760 2370 in
793 2326 912 2372 scaena
935 2304 1065 2375 demum
1094 2325 1192 2393 prae·-

70 2430 186 2475 oonem
202 2406 334 2474 Thebas
356 2410 592 2494 properantem
616 2395 761 2496 corpora
783 2411 995 2475 mortuorum
1016 2432 1193 2498 reposcere

70 2515 195 2595 iubeat,
219 2534 286 2578 non
309 2512 408 2599 plane
430 2516 545 2600 patet,
569 2535 650 2598 ergo
665 2513 695 2580 si
708 2535 780 2579 rem
794 2513 901 2599 ipsam
924 2518 1066 2601 spectes,
1090 2535 1193 2582 eausa

71 2617 185 2684 aditus
209 2617 385 2703 praeconis
408 2640 475 2682 non
498 2621 628 2701 exstat,
662 2638 862 2704 quamquam
885 2639 1083 2704 praeconem
1107 2618 1192 2686 The·

72 2745 162 2789 seum
186 2723 382 2789 comitatum
404 2744 478 2789 esse
501 2745 568 2789 non
589 2723 720 2809 ignoro.

158 2828 189 2893 3.
203 2826 322 2893 Tertia
343 2826 456 2892 forma
477 2826 575 2892 huius
599 2827 732 2914 generis
762 2828 814 2894 ita
843 2828 1028 2916 composita
1058 2833 1122 2910 est,
1153 2833 1192 2896 ut

71 2953 217 3019 persona
230 2930 353 3010 altera,
376 2935 554 3019 postquam
570 2931 712 2999 alteram
735 2932 771 2997 in
794 2954 947 3001 scaenam
970 2934 1190 3017 evocavit,

71 3037 211 3122 negotia
232 3036 387 3120 mandet;
416 3036 571 3102 neutrius
595 3036 707 3103 aditus
731 3057 833 3104 cansa
855 3040 966 3122 ceret;
999 3038 1097 3125 prior
1119 3062 1192 3125 per·

72 3163 154 3208 sona
166 3140 321 3228 qualibet
332 3162 434 3208 causa
445 3144 609 3210 commota
621 3141 715 3224 exiit,
732 3142 845 3209 altera
856 3146 1030 3210 evocatur.
1065 3143 1193 3210 Tamen

71 3268 132 3313 cur
154 3246 328 3332 negotium
350 3245 385 3310 in
409 3267 530 3313 scaena
547 3245 621 3332 ipsa
636 3246 825 3328 mandetur,
849 3257 951 3334 poeta
974 3250 1192 3334 comprobare

70 3375 138 3417 non
155 3350 280 3417 studet.
325 3349 435 3416 Huius
451 3350 578 3417 formae
595 3351 782 3438 exemplum
797 3352 1018 3442 Euripideum
1034 3353 1069 3418 in
1081 3352 1191 3420 Orest.

70 3456 175 3524 fabul.
193 3480 224 3523 v.
242 3457 306 3521 110
318 3477 359 3522 ss.
374 3454 523 3540 legitur:
547 3454 688 3536 Helena,
711 3477 798 3542 quae
813 3456 879 3522 iam
896 3461 998 3524 antea
1019 3458 1192 3525 Electram

71 3565 295 3644 commotura,
328 3562 368 3625 ut
399 3582 462 3646 pro
494 3582 529 3626 se
560 3558 699 3628 inferias
733 3561 1007 3645 Clytaemestrae
1040 3564 1193 3645 afferret,

71 3687 211 3754 egressa
233 3669 319 3745 erat,
349 3664 453 3733 filiam
475 3665 692 3746 Hermionam
722 3670 851 3748 evocat,
882 3671 923 3733 ut
952 3668 1015 3735 hoc
1039 3667 1070 3734 ei
1091 3690 1192 3756 nego-

2 3823 3 3836 ,
70 3771 157 3836 tium
180 3769 247 3836 det.
272 3807 314 3818 -

159 3873 255 3941 Hanc
286 3896 417 3962 quoque
449 3896 644 3942 scaenarum
677 3875 966 3964 compositionem,
1007 3876 1096 3964 quod
1126 3878 1194 3944 iam

71 3979 204 4067 saepius
227 3979 355 4046 factum
377 3979 531 4060 vidimus
555 3982 677 4068 poetae
698 3983 777 4067 post
799 3980 997 4068 Euripidem
1020 3981 1194 4050 discebant

2 4097 3 4100 ’
72 4088 108 4151 et
130 4085 354 4172 usurpabant.
399 4085 473 4150 lam
496 4084 669 4150 exordium
691 4084 767 4172 Iph.
792 4085 882 4167 Aul,
914 4085 1003 4173 quod
1026 4090 1104 4173 post
1127 4087 1193 4152 Eu-

71 4189 201 4277 ripidis·
216 4192 359 4255 mortem
382 4188 602 4276 compositum
626 4210 698 4256 esse
714 4189 899 4258 verisimile
923 4193 985 4271 est,
1010 4190 1080 4258 eius
1104 4192 1194 4257 modi

72 4301 135 4375 est,
166 4297 207 4358 ut
229 4297 347 4380 aperte
371 4293 518 4378 vestigia
541 4295 668 4360 tertiae
697 4293 790 4360 illius
819 4295 964 4361 rationis
988 4299 1192 4383 appareant:

71 4393 280 4485 Agamemno
309 4419 443 4469 servum
474 4420 587 4466 senem
610 4421 628 4464 e
650 4400 802 4465 tentorio
835 4404 964 4483 evocat,
997 4401 1051 4466 cui
1073 4403 1194 4486 postea
