3098 5204
852 411 896 479 38

310 588 385 653 669.
409 587 559 653 Μ1555
581 587 718 654 videtur
751 609 830 654 rure
862 587 977 653 erilem
1007 577 1113 652 filium
1137 585 1333 654 Strabacem
1364 609 1433 652 non

309 689 448 758 redisse.
472 729 514 738 κ-
538 691 649 758 Oasin.
674 691 747 757 538.
780 691 915 757 Miror
947 691 1010 756 huc
1041 691 1108 758 iam
1138 711 1207 756 non
1238 691 1366 758 arcessi
1397 691 1433 755 in

301 793 497 885 'proximum
519 817 658 862 uxorem
679 799 818 862 meam“.
864 795 915 863 cf.
939 795 1051 877 etiam,
1076 817 1162 881 quae
1186 815 1290 880 supra
1312 795 1354 861 de
1377 819 1432 861 ex·

301 900 521 988 spectatione
555 899 695 990 exposui
726 922 799 987 pag.
823 900 935 986 3055.)
979 900 1103 986 ltaque
1125 899 1344 966 Menandrum
1377 923 1434 966 ex-

309 1005 521 1092 spectatione
537 1027 636 1092 quam
651 1026 795 1093 perraro
812 1027 945 1072 oausam
960 1003 1125 1085 adhibuit,
1148 1026 1191 1070 ne
1214 1003 1276 1070 hoc
1298 1004 1433 1090 quidem

309 1110 382 1176 loco
408 1132 502 1176 usum
526 1131 598 1176 esse
620 1109 782 1176 arbitror.

398 1215 464 1281 Ad.
488 1215 562 1280 517.
594 1213 834 1302 Ctesiphonem
857 1219 893 1280 et
916 1213 1045 1298 Syrum
1064 1214 1101 1280 in
1124 1236 1245 1282 scaena
1268 1215 1432 1281 videmus.

396 1318 603 1388 Philemonis
625 1319 690 1384 huc
719 1319 895 1405 pertinent
926 1339 1082 1385 scaenae:
1112 1319 1213 1385 Most.
1241 1319 1311 1398 157,
1336 1319 1432 1386 Trin.

310 1424 374 1490 729
399 1426 436 1490 'et
460 1423 554 1503 1125,
586 1421 791 1509 Apollodori
812 1422 947 1488 Phorm.
973 1423 1035 1488 153
1059 1427 1097 1490 55
1116 1423 1243 1510 Hecyr.
1267 1425 1342 1507 577,
1366 1425 1433 1491 De-

308 1527 450 1614 mophili
473 1527 610 1594 Asinar.
640 1529 714 1609 504,
747 1528 906 1614 anonymi
938 1527 1036 1593 Truc.
1061 1530 1134 1610 775,
1165 1530 1326 1614 anonymi
1345 1529 1432 1596 Ι055.

309 1632 409 1716 4371)
434 1635 470 1697 et
492 1633 565 1698 515.

397 1737 443 1802 111
464 1717 531 1802 1551
555 1755 667 1804 ornnes
691 1736 838 1804 eiusdem
860 1737 996 1824 generis
1018 1741 1116 1804 sunta
1148 1737 1246 1804 Duae
1269 1760 1433 1824 personae

309 1841 477 1931 colloquio
499 1841 567 1908 iam
589 1841 723 1928 incepto
748 1865 789 1908 ex
813 1841 951 1908 aedibus
983 1842 1018 1907 in
1051 1863 1171 1908 scaena
1194 1842 1271 1909 51515
1296 1850 1431 1923 exeunt,

308 1969 416 2034 neque
447 1935 506 2012 cur
534 1947 730 2034 procedant,
763 1947 875 2015 verbis
898 1946 1048 2032 ¹dicitur3
1082 1968 1182 2014 causa
1205 1970 1246 2014 ex
1269 1951 1433 2017 contextu

309 2053 417 2120 totius
442 2073 583 2132 scaenae
604 2052 660 2121 551
681 2051 896 2119 nullomodo
920 2053 976 2119 551
998 2057 1116 2121 555555
1145 2054 1432 2141 interpretatione

309 2159 351 2243 (e.
374 2180 423 2244 gr.
450 2157 606 2245 Spengel.
630 2156 869 2240 5111151288.)
894 2159 979 2224 effici
1001 2161 1126 2246 555555.
1172 2159 1316 2226 Eosdem
1338 2160 1430 2227 locos

310 2261 436 2330 similes
469 2284 541 2328 5555
573 2255 797 2350 5555555515
829 2285 911 2352 quos
944 2285 1048 2350 supra
1080 2264 1182 2331 attuli
1213 2264 1295 2330 locis
1318 2288 1357 2331 ea
1380 2288 1430 2348 re,

309 2367 398 2454 quod
413 2389 577 2454 personae
593 2389 635 2443 ex
648 2367 787 2433 aedibus
804 2368 839 2434 in
854 2389 975 2436 scaena
990 2369 1176 2457 conspectis
1190 2369 1431 2456 ingrediuntur

307 2473 343 2538 in
366 2458 528 2554 scaenam,
559 2463 638 2540 dum
665 2473 915 2562 colloquuntur.
963 2475 1092 2541 Deinde
1115 2475 1149 2540 in
1172 2478 1319 2564 utraque
1342 2497 1431 2542 scae·

307 2599 427 2642 narum
448 2576 560 2644 forma
583 2599 747 2662 personae
769 2578 825 2644 551
854 2578 890 2643 15
920 2596 1073 2645 scaenam
1097 2567 1236 2646 vacuam
1260 2579 1430 2660 incedunt,

308 2704 373 2768 quo
397 2681 526 2748 factum
558 2686 621 2760 est,
656 2684 703 2747 ut.
717 2681 792 2748 fere
816 2704 948 2769 semper
970 2683 1143 2751 exordium
1166 2687 1263 2750 55555
1287 2685 1342 2766 515,
1374 2685 1431 2751 551

287 2848 291 2852 ,
309 2786 337 2852 51
360 2807 480 2853 555555
501 2809 569 2850 555
592 2790 784 2868 55555555,
810 2809 869 2854 555
888 2788 1010 2854 551555
1025 2811 1199 2877 personae,
1225 2811 1311 2876 quae
1334 2811 1431 2875 egre-

204 2951 207 2959 ,
308 2889 459 2974 dicutur,
495 2911 568 2956 eam
603 2913 741 2958 vacuam
773 2913 845 2958 esse
878 2893 1198 2982 5515555551Μ555.
1225 2895 1298 2974 157,
1334 2893 1429 2960 Trin.

308 2981 404 3078 555,
441 2994 551 3062 oasin.
575 2996 649 3076 437,
683 2996 808 3082 necyn
833 2998 896 3063 555
928 2996 983 3082 (cf.
1008 2999 1096 3082 eor),
1132 2998 1231 3064 555.
1265 2998 1358 3085 555),
1393 2999 1431 3064 n

307 3099 494 3167 Heautont.
512 3099 630 3186 Syrus,
654 3101 770 3187 quiin
793 3124 914 3168 scaena
935 3103 1153 3170 antecedenti
1176 3103 1307 3186 aderat,
1331 3126 1430 3191 5555-

308 3216 385 3292 5555
409 3206 454 3288 (v.
479 3205 576 3288 1000)
600 3227 634 3272 55
656 3205 692 3273 15
714 3204 835 3291 fugam
861 3207 921 3273 dat
953 3230 1011 3288 ero
1044 3205 1243 3294 conspecto.v
1281 3208 1430 3275 Vacuam

308 3313 422 3376 55555
445 3309 518 3375 fieri
541 3321 693 3376 scaenam
715 3310 797 3376 locis
820 3310 900 3394 illis,
930 3312 1050 3398 quibus
1072 3334 1235 3399 personae
1258 3313 1301 3379 ad
1324 3333 1430 3380 seere-

308 3462 532 3472 μιῇ-...ψ’

399 3551 425 3616 1)
445 3549 550 3604 Scaena
569 3549 658 3602 05515.
679 3553 780 3604 43755·
799 3551 894 3618 paucis
914 3557 1138 3605 commemoretur
1157 3568 1268 3606 necesse
1287 3557 1338 3622 est,
1357 3555 1432 3620 quod

307 3638 434 3692 idoneam
453 3653 513 3693 eam
532 3653 604 3692 5555·
611 3644 678 3706 5555
703 3637 739 3692 ad
766 3639 920 3707 opinionem
939 3641 1040 3695 Leonis
1060 3641 1206 3708 (Abhandl.
1227 3641 1253 3695 d.
1273 3641 1346 3696 eost.
1368 3644 1430 3699 Ges.

308 3727 334 3780 d.
354 3726 438 3780 Wiss.
452 3726 596 3794 phil-hist.
611 3728 654 3782 Κ1.
671 3733 693 3796 1,
708 3732 732 3796 7,
748 3731 828 3797 1807)
848 3727 1067 3800 confirmandam,
1088 3730 1135 3798 qui
1154 3745 1260 3784 versum
1280 3733 1332 3786 423
1349 3729 1431 3786 finem

308 3815 401 3869 facere
427 3815 515 3883 partis
535 3815 681 3884 Diphileae
707 3816 856 3871 contendit.
892 3817 965 3870 Nam
984 3817 1109 3888 Olympio
1129 3824 1157 3872 et
1176 3819 1339 3889 Lysidamus
1366 3829 1431 3876 ante

307 3907 358 3959 hos
378 3904 596 3972 quattuordecim
618 3923 721 3969 versus,
747 3906 819 3974 quod
844 3908 905 3976 plus
925 3908 1069 3962 verborum
1084 3909 1198 3962 Chalino
1217 3910 1323 3964 arbitro
1337 3909 1430 3966 facere

307 3995 420 4061 nollent,
450 4009 479 4047 se
508 3994 581 4048 intro
600 3995 641 4049 ire
658 3995 780 4065 professi
808 4003 885 4050 sunt:
915 3997 989 4050 intus
1019 4002 1125 4052 secreto
1152 3999 1314 4052 collocuturi
1342 4007 1430 4054 erant.

308 4083 411 4136 Tamen
431 4099 504 4137 nunc
527 4091 641 4152 repente
660 4084 689 4139 in
708 4104 731 4139 v.
751 4089 802 4139 437
822 4086 896 4140 15555
914 4103 943 4140 55
962 4083 1149 4154 colloquentes
1176 4086 1322 4156 prodeunt,
1348 4105 1431 4160 quam

308 4187 471 4226 scaenarum
498 4171 614 4226 formam
642 4174 737 4227 comici
766 4173 897 4230 adhibere
926 4182 1123 4230 consueverant
1143 4176 1171 4230 in
1191 4177 1334 4244 colloquiis
1363 4185 1429 4232 ante

307 4260 390 4315 aedes
411 4263 533 4328 secretis,
553 4278 641 4330 neque
661 4279 710 4316 cur
730 4263 872 4317 consilium
891 4266 1056 4319 mutaverint
1075 4264 1176 4320 dicunt.
1215 4267 1290 4321 Η555
1311 4283 1365 4321 555
1386 4284 1431 4322 co-

306 4351 422 4404 haerere
442 4356 557 4418 apparet
576 4351 670 4418 itaque
690 4352 733 4405 hio
752 4353 957 4407 commissuram
977 4353 1054 4408 hiare
1073 4355 1201 4410 arbitror.
