3098 5204
905 406 926 472 8

354 577 577 660 intendamus,
609 579 667 667 qui
698 577 813 666 aliqua
844 579 989 661 ratione,
1022 600 1123 666 quam
1154 601 1262 668 neque
1285 577 1473 665 Aeschylus
1512 627 1513 674 3

354 705 462 770 neque
486 681 666 770 Sophocles
689 687 868 766 noverunt,
899 683 1048 770 insignes
1072 686 1162 750 sunt.
1208 681 1274 750 Sed
1297 686 1476 771 praeterea
1512 675 1513 730 l

354 786 572 873 respiciamus
606 810 742 854 neccsse
777 792 838 869 est,
877 787 967 875 quod
999 809 1089 856 nova
1123 787 1294 856 comoedia
1327 809 1401 855 cum
1422 809 1475 854 co·
1512 819 1513 822 ¹

354 891 486 958 moedia
508 894 627 960 vetere
650 891 824 977 cohaeret,
849 893 965 980 itaque
987 891 1172 960 cavendum
1194 896 1259 973 est,
1283 915 1325 959 ne
1340 893 1476 960 Aristo·

355 993 474 1084 plianis
497 995 632 1063 fabulas
655 997 886 1084 neglegamus.
916 986 918 990 ’

352 1129 354 1134 ,
442 1101 500 1168 Ita
522 1100 698 1188 proposito
722 1105 758 1169 et
779 1101 913 1169 ratione
936 1103 1032 1170 nobis
1055 1103 1203 1170 incunda
1225 1102 1374 1169 definitis
1397 1125 1478 1169 non-

355 1205 451 1274 nulla
466 1205 702 1294 'praemittere
737 1229 819 1294 opus
855 1209 908 1274 est
942 1207 984 1274 de
1006 1207 1181 1296 Euripidis
1209 1209 1246 1273 et
1277 1206 1479 1276 comicorum

355 1309 492 1378 fabulis.
538 1310 625 1378 Nam
648 1333 722 1376 cum
744 1311 787 1377 de
810 1311 943 1398 origine
974 1333 1093 1380 musae
1123 1311 1266 1378 alicuius
1289 1311 1478 1398 quaeritur,

356 1413 500 1482 multum
530 1414 688 1497 interest,
721 1437 786 1502 quo
818 1419 972 1503 tempore
1001 1415 1136 1484 fabulas
1168 1413 1370 1503 Euripideas
1401 1437 1480 1480 con-

352 1505 502 1606 scriptas
527 1540 598 1586 esse
622 1519 883 1606 constituamus,
908 1519 991 1587 ordo
1008 1520 1095 1588 enim
1110 1519 1304 1587 fabularum
1323 1519 1400 1586 usui
1415 1523 1480 1602 est,

341 1641 422 1710 *quo
446 1613 525 1710 quis
542 1623 669 1712 primus
692 1645 824 1701 oausam
848 1624 1043 1692 adhibuerit
1075 1626 1308 1710 cognoscatur.
1353 1623 1396 1690 In
1418 1623 1482 1692 hac

357 1727 556 1823 quaestione
579 1727 789 1810 difficillima,
816 1751 860 1795 ne
883 1729 1147 1816 disputationem
1169 1727 1268 1794 nimis
1292 1749 1480 1812 onerarem,

357 1832 507 1899 ordinem
534 1853 555 1896 a
581 1830 750 1899 Schmidio
773 1832 809 1898 in
831 1832 920 1900 libro
944 1833 985 1901 dc
1008 1833 1117 1901 litter.
1142 1831 1262 1902 Gracc.
1279 1836 1483 1922 usurpatum

359 1940 493 2004 secutus
517 1959 598 2003 sum.

435 2041 517 2108 Iam
541 2041 753 2128 complectar,
786 2041 868 2128 quid
891 2040 932 2107 de
954 2041 1081 2110 fabulis
1104 2042 1304 2109 comicorum
1326 2036 1482 2109 sentiam.
1512 2037 1513 2132 l

356 2145 643 2232 Fragmentorum
676 2145 900 2212 Menandri
933 2145 1141 2214 Graecorum
1173 2148 1270 2214 nobis
1305 2149 1483 2234 perpaucis

356 2250 506 2337 exceptis
530 2249 627 2317 nulla
649 2253 787 2338 praeter
816 2250 945 2318 maiora
975 2252 1053 2318 usui
1085 2255 1175 2334 sunt,
1208 2273 1294 2339 quae
1316 2249 1484 2318 Alfredus

356 2356 489 2422 Koerte
512 2353 629 2422 edidit.
675 2353 799 2422 Latine
822 2358 940 2436 autern¹
960 2377 1143 2424 conversae
1166 2377 1187 2423 a
1209 2355 1335 2424 Plauto
1358 2359 1394 2422 et
1415 2355 1483 2424 Te·

357 2459 468 2538 rentio
491 2458 674 2528 nonnullae
696 2463 837 2527 exstant
852 2459 988 2528 fabulae
1004 2459 1183 2527 Menandri
1199 2451 1369 2546 integrae.
1415 2459 1483 2526 Fa·

358 2563 459 2631 bulae
482 2563 662 2631 Plautinae
693 2568 787 2632 certo
812 2587 832 2630 a
855 2563 1041 2632 Menandro
1075 2565 1250 2652 profectae
1284 2568 1362 2632 sunt
1398 2563 1482 2632 hae:

357 2667 564 2751 Cistellaria,
597 2667 802 2740 Bacchidem
842 2669 949 2735 maior
990 2691 1078 2757 pars,
1120 2692 1186 2756 qua
1220 2669 1396 2736 Menandri
1431 2669 1484 2741 Δὶς

330 2771 513 2844 ’ἐξαπατῶν
546 2773 750 2862 exprimitur
760 2775 803 2856 1),
838 2772 948 2841 Stichi
980 2795 1119 2841 scaenae
1159 2774 1268 2861 prima
1300 2771 1485 2858 etaltera

356 2877 459 2965 primi
481 2881 594 2962 actus;
627 2876 906 2945 verisimillimum
939 2901 1010 2946 esse
1042 2878 1146 2946 etiam
1168 2879 1384 2946 Aululariam
1408 2900 1512 2946 esse¹

359 2981 599 3049 Menandream
622 2982 897 3050 commentariolo
919 2981 1095 3070 praeclaro
1116 2982 1322 3052 Geffckenus
1344 2982 1484 3069 (Progr.

357 3084 659 3172 Hamburg.1898)
683 3088 839 3174 exposuit
852 3091 884 3165 ²).
921 3087 1085 3155 Fortasse
1108 3088 1211 3155 etiam
1234 3110 1275 3155 ea
1296 3111 1374 3176 pars
1397 3087 1485 3155 Poe·
1511 3085 1512 3150 l

434 3211 435 3214 ¹
451 3198 476 3258 1)
496 3193 676 3248 Fraenkclius
695 3210 721 3261 p.
744 3197 795 3247 100
805 3209 840 3248 ss.
861 3192 986 3246 fabulam
1004 3209 1064 3248 esse
1083 3194 1295 3248 contaminatam
1315 3192 1446 3248 ostendit.

448 3282 477 3350 2)
499 3282 674 3351 Argumentis
693 3282 745 3338 viri
764 3281 924 3350 doctissimi,
955 3299 1025 3350 quae
1044 3283 1271 3337 Wilamowitzius
1291 3282 1380 3351 (Neue
1399 3281 1486 3336 Jahr-

358 3371 499 3426 bileberi.
520 3370 602 3425 dkl.
624 3374 678 3425 Alt.
701 3373 768 3430 1899
788 3389 814 3442 p.
834 3373 899 3441 517)
926 3371 1056 3440 laudavit,
1085 3389 1174 3444 pauca
1203 3372 1267 3426 addi
1295 3387 1376 3440 posse
1404 3375 1484 3438 puto.

359 3461 468 3514 Etenim
488 3460 644 3514 fabularum
663 3468 723 3515 arte
743 3468 902 3528 comparata
916 3462 1037 3515 arbitror
1050 3461 1224 3529 comprobari
1236 3460 1352 3514 eundem
1371 3464 1486 3528 poetam

361 3547 460 3603 fecisse
490 3549 608 3602 Samiam
628 3556 654 3603 et
673 3550 852 3615 Aululariam,
881 3566 962 3618 quam
990 3550 1134 3618 imaginem
1164 3549 1349 3602 Menandreae
1367 3549 1486 3617 Dyscoli

358 3654 418 3692 esse
438 3637 576 3692 Geffckcn.
614 3638 714 3692 voluit:

450 3728 476 3794 1)
496 3727 525 3802 In
545 3727 652 3780 Samiae
671 3746 694 3780 v.
718 3729 768 3780 142
795 3743 897 3794 coquus
925 3728 955 3780 in
983 3743 1110 3782 scaenam
1139 3726 1264 3794 procedit
1283 3727 1486 3780 Parmenonem

359 3831 501 3884 quaerens,
523 3816 649 3883 quicum
668 3815 696 3868 in
716 3832 815 3870 scaena
833 3817 950 3884 nuptiali
964 3816 1126 3884 apparanda
1145 3815 1275 3870 adiuvare
1294 3815 1385 3869 iussus
1405 3823 1485 3879 erat;

447 3908 475 3973 2)
495 3904 544 3959 sed
562 3911 625 3973 post
645 3921 748 3972 paucos
768 3921 863 3959 versus
882 3906 959 3974 (151)
978 3904 1053 3959 fores
1073 3920 1187 3974 crepare
1207 3904 1292 3972 audit,
1318 3909 1402 3973 atque
1422 3919 1486 3958 cum
1510 3921 1511 3944 t

339 4053 342 4060 ¹
361 3993 460 4060 aliquis
480 4001 570 4060 exeat,
590 3995 678 4066 μικρὸν
697 3995 916 4065 ὺπαποστήσεσθαι
936 3994 1054 4048 animum
1074 3992 1187 4047 inducit.

449 4087 477 4149 3)
498 4083 567 4136 Dein
587 4083 698 4152 Chrysis
717 4099 734 4136 a
754 4083 855 4137 Demea
874 4100 908 4137 ex
928 4081 1041 4137 aedibus
1062 4090 1174 4137 extrusa
1192 4081 1293 4150 prodit.

449 4176 477 4242 4)
498 4176 588 4239 Atque
617 4181 675 4226 tota
704 4188 811 4239 scaena,
840 4173 868 4226 in
888 4189 942 4240 qua
966 4188 1068 4240 coquus
1096 4173 1227 4240 loquitur,
1252 4171 1436 4226 Menandrum
1456 4172 1487 4226 id

363 4262 449 4316 solum
479 4266 604 4329 spectare
632 4266 757 4332 apparet,
787 4268 818 4316 ut
846 4262 964 4330 spatium
993 4261 1124 4330 temporis
1148 4261 1221 4315 inter
1239 4261 1357 4314 Demeae
1378 4261 1487 4316 abitum

359 4357 442 4418 atque
460 4350 579 4404 reditum
597 4351 782 4405 intermissum
802 4352 881 4418 quasi
900 4351 1021 4422 impleat.
