<?xml version="1.0" encoding="UTF-8"?>
<!DOCTYPE html PUBLIC "-//W3C//DTD XHTML 1.0 Transitional//EN"
    "http://www.w3.org/TR/xhtml1/DTD/xhtml1-transitional.dtd">
<html xmlns="http://www.w3.org/1999/xhtml" xml:lang="en" lang="en">
 <head>
  <title>
</title>
<meta http-equiv="Content-Type" content="text/html;charset=utf-8" />
  <meta name='ocr-system' content='tesseract 3.04.00' />
  <meta name='ocr-capabilities' content='ocr_page ocr_carea ocr_par ocr_line ocrx_word'/>
</head>
<body>
  <div class='ocr_page' id='page_1' title='image "./deintroituperso00harmgoog_0014.png"; bbox 0 0 3098 5204; ppageno 0'>
   <div class='ocr_carea' id='block_1_1' title="bbox 89 1404 1217 1493">
    <p class='ocr_par' dir='ltr' id='par_1_1' title="bbox 89 1404 1217 1493">
     <span class='ocr_line' id='line_1_1' title="bbox 89 1404 1217 1493; baseline -0.001 -20"><span class='ocrx_word' id='word_1_1' title='bbox 89 1408 92 1417; x_wconf 27' lang='lat' dir='ltr'><strong>i</strong></span> <span class='ocrx_word' id='word_1_2' title='bbox 183 1406 327 1478; x_wconf 82' lang='lat' dir='ltr'>Constat</span> <span class='ocrx_word' id='word_1_3' title='bbox 357 1426 479 1473; x_wconf 88' lang='lat' dir='ltr'>novam</span> <span class='ocrx_word' id='word_1_4' title='bbox 513 1425 599 1492; x_wconf 89' lang='lat' dir='ltr'>quae</span> <span class='ocrx_word' id='word_1_5' title='bbox 622 1404 747 1472; x_wconf 88' lang='lat' dir='ltr'>dieitur</span> <span class='ocrx_word' id='word_1_6' title='bbox 771 1404 974 1472; x_wconf 79' lang='lat' dir='ltr'><strong>comoediam</strong></span> <span class='ocrx_word' id='word_1_7' title='bbox 996 1405 1118 1493; x_wconf 92' lang='lat' dir='ltr'>potius</span> <span class='ocrx_word' id='word_1_8' title='bbox 1146 1409 1217 1473; x_wconf 89' lang='lat' dir='ltr'>tra-</span> 
     </span>
    </p>
   </div>
   <div class='ocr_carea' id='block_1_2' title="bbox 92 1509 1344 1604">
    <p class='ocr_par' dir='ltr' id='par_1_2' title="bbox 92 1509 1344 1604">
     <span class='ocr_line' id='line_1_2' title="bbox 92 1509 1344 1604; baseline 0 -24"><span class='ocrx_word' id='word_1_9' title='bbox 92 1511 235 1600; x_wconf 88' lang='lat' dir='ltr'>goediae</span> <span class='ocrx_word' id='word_1_10' title='bbox 258 1510 463 1598; x_wconf 87' lang='lat' dir='ltr'>Euripideae</span> <span class='ocrx_word' id='word_1_11' title='bbox 485 1531 583 1596; x_wconf 90' lang='lat' dir='ltr'>quam</span> <span class='ocrx_word' id='word_1_12' title='bbox 598 1509 724 1604; x_wconf 83' lang='lat' dir='ltr'>veteris</span> <span class='ocrx_word' id='word_1_13' title='bbox 741 1509 932 1578; x_wconf 89' lang='lat' dir='ltr'>comoediae</span> <span class='ocrx_word' id='word_1_14' title='bbox 947 1510 1091 1598; x_wconf 81' lang='lat' dir='ltr'>formam</span> <span class='ocrx_word' id='word_1_15' title='bbox 1113 1518 1219 1598; x_wconf 86' lang='lat' dir='ltr'>atque.</span> <span class='ocrx_word' id='word_1_16' title='bbox 1340 1539 1344 1547; x_wconf 62' lang='lat'><em>⁴</em></span> 
     </span>
    </p>
   </div>
   <div class='ocr_carea' id='block_1_3' title="bbox 86 1605 1217 1808">
    <p class='ocr_par' dir='ltr' id='par_1_3' title="bbox 86 1605 1217 1808">
     <span class='ocr_line' id='line_1_3' title="bbox 86 1605 1216 1702; baseline -0.002 -19"><span class='ocrx_word' id='word_1_17' title='bbox 86 1605 262 1684; x_wconf 56' lang='lat' dir='ltr'>&#39;rationem</span> <span class='ocrx_word' id='word_1_18' title='bbox 284 1617 434 1682; x_wconf 85' lang='lat' dir='ltr'>secutam</span> <span class='ocrx_word' id='word_1_19' title='bbox 456 1635 530 1682; x_wconf 88' lang='lat' dir='ltr'>esse</span> <span class='ocrx_word' id='word_1_20' title='bbox 541 1615 575 1700; x_wconf 83' lang='lat'>¹).</span> <span class='ocrx_word' id='word_1_21' title='bbox 620 1613 790 1702; x_wconf 82' lang='lat' dir='ltr'><strong>Imprimis</strong></span> <span class='ocrx_word' id='word_1_22' title='bbox 807 1617 921 1682; x_wconf 88' lang='lat' dir='ltr'>antem</span> <span class='ocrx_word' id='word_1_23' title='bbox 935 1613 1119 1682; x_wconf 80' lang='lat' dir='ltr'>Menander</span> <span class='ocrx_word' id='word_1_24' title='bbox 1141 1637 1216 1684; x_wconf 90' lang='lat' dir='ltr'>con·</span> 
     </span>
     <span class='ocr_line' id='line_1_4' title="bbox 93 1717 1217 1808; baseline -0.003 -21"><span class='ocrx_word' id='word_1_25' title='bbox 93 1720 185 1788; x_wconf 85' lang='lat' dir='ltr'>salto</span> <span class='ocrx_word' id='word_1_26' title='bbox 210 1719 407 1808; x_wconf 82' lang='lat' dir='ltr'><strong>Euripidem</strong></span> <span class='ocrx_word' id='word_1_27' title='bbox 429 1718 585 1786; x_wconf 90' lang='lat' dir='ltr'>imitatus</span> <span class='ocrx_word' id='word_1_28' title='bbox 609 1719 672 1784; x_wconf 87' lang='lat' dir='ltr'>est.</span> <span class='ocrx_word' id='word_1_29' title='bbox 720 1717 818 1800; x_wconf 74' lang='lat' dir='ltr'>Quod</span> <span class='ocrx_word' id='word_1_30' title='bbox 840 1741 912 1786; x_wconf 86' lang='lat' dir='ltr'>cum</span> <span class='ocrx_word' id='word_1_31' title='bbox 936 1719 1002 1785; x_wconf 90' lang='lat' dir='ltr'>iam</span> <span class='ocrx_word' id='word_1_32' title='bbox 1024 1722 1126 1787; x_wconf 90' lang='lat' dir='ltr'>antea</span> <span class='ocrx_word' id='word_1_33' title='bbox 1149 1742 1217 1786; x_wconf 90' lang='lat' dir='ltr'>om-</span> 
     </span>
    </p>
   </div>
   <div class='ocr_carea' id='block_1_4' title="bbox 93 1822 1354 1906">
    <p class='ocr_par' dir='ltr' id='par_1_4' title="bbox 93 1822 1354 1906">
     <span class='ocr_line' id='line_1_5' title="bbox 93 1822 1354 1906; baseline -0.002 -14"><span class='ocrx_word' id='word_1_34' title='bbox 93 1826 193 1892; x_wconf 87' lang='lat' dir='ltr'>nibus</span> <span class='ocrx_word' id='word_1_35' title='bbox 216 1823 300 1893; x_wconf 83' lang='lat' dir='ltr'>viris</span> <span class='ocrx_word' id='word_1_36' title='bbox 317 1823 424 1890; x_wconf 85' lang='lat' dir='ltr'>doctis</span> <span class='ocrx_word' id='word_1_37' title='bbox 439 1825 559 1889; x_wconf 88' lang='lat' dir='ltr'>notum</span> <span class='ocrx_word' id='word_1_38' title='bbox 575 1829 649 1890; x_wconf 89' lang='lat' dir='ltr'>erat</span> <span class='ocrx_word' id='word_1_39' title='bbox 665 1822 820 1905; x_wconf 75' lang='lat' dir='ltr'>(Quintil.</span> <span class='ocrx_word' id='word_1_40' title='bbox 837 1822 946 1892; x_wconf 90' lang='lat' dir='ltr'>instit.</span> <span class='ocrx_word' id='word_1_41' title='bbox 965 1825 1053 1890; x_wconf 83' lang='lat' dir='ltr'>orat.</span> <span class='ocrx_word' id='word_1_42' title='bbox 1070 1824 1113 1890; x_wconf 91' lang='lat' dir='ltr'>X.</span> <span class='ocrx_word' id='word_1_43' title='bbox 1130 1825 1159 1906; x_wconf 90' lang='lat'>1,</span> <span class='ocrx_word' id='word_1_44' title='bbox 1174 1825 1217 1892; x_wconf 80' lang='grc'>69</span> <span class='ocrx_word' id='word_1_45' title='bbox 1351 1857 1354 1865; x_wconf 22' lang='grc' dir='ltr'>Α</span> 
     </span>
    </p>
   </div>
   <div class='ocr_carea' id='block_1_5' title="bbox 92 1917 1259 3477">
    <p class='ocr_par' dir='ltr' id='par_1_5' title="bbox 92 1917 1259 3477">
     <span class='ocr_line' id='line_1_6' title="bbox 96 1917 1218 2019; baseline 0 -23"><span class='ocrx_word' id='word_1_46' title='bbox 96 1929 278 2015; x_wconf 85' lang='lat' dir='ltr'>„Imitatus</span> <span class='ocrx_word' id='word_1_47' title='bbox 294 1926 436 1995; x_wconf 78' lang='lat' dir='ltr'><strong>maxime</strong></span> <span class='ocrx_word' id='word_1_48' title='bbox 452 1935 515 2011; x_wconf 88' lang='lat' dir='ltr'>est,</span> <span class='ocrx_word' id='word_1_49' title='bbox 540 1931 579 1994; x_wconf 91' lang='lat' dir='ltr'>ut</span> <span class='ocrx_word' id='word_1_50' title='bbox 596 1948 696 2014; x_wconf 83' lang='lat' dir='ltr'>saepe</span> <span class='ocrx_word' id='word_1_51' title='bbox 713 1931 875 2019; x_wconf 80' lang='lat' dir='ltr'>testatur,</span> <span class='ocrx_word' id='word_1_52' title='bbox 892 1917 927 1994; x_wconf 85' lang='lat' dir='ltr'>et</span> <span class='ocrx_word' id='word_1_53' title='bbox 944 1932 1088 2010; x_wconf 77' lang='lat' dir='ltr'>secutae,</span> <span class='ocrx_word' id='word_1_54' title='bbox 1104 1949 1218 2017; x_wconf 88' lang='lat' dir='ltr'>qnam·</span> 
     </span>
     <span class='ocr_line' id='line_1_7' title="bbox 93 2031 1217 2122; baseline -0.002 -22"><span class='ocrx_word' id='word_1_55' title='bbox 93 2057 193 2122; x_wconf 89' lang='lat' dir='ltr'>quam</span> <span class='ocrx_word' id='word_1_56' title='bbox 215 2034 252 2100; x_wconf 88' lang='lat' dir='ltr'>in</span> <span class='ocrx_word' id='word_1_57' title='bbox 275 2055 377 2122; x_wconf 90' lang='lat' dir='ltr'>opere</span> <span class='ocrx_word' id='word_1_58' title='bbox 400 2031 544 2115; x_wconf 89' lang='lat' dir='ltr'>diverso,</span> <span class='ocrx_word' id='word_1_59' title='bbox 568 2031 781 2098; x_wconf 88' lang='lat' dir='ltr'>Menander.</span> <span class='ocrx_word' id='word_1_60' title='bbox 807 2083 814 2098; x_wconf 94' lang='lat'><strong>.</strong></span> <span class='ocrx_word' id='word_1_61' title='bbox 840 2033 893 2118; x_wconf 80' lang='lat'>.“),</span> <span class='ocrx_word' id='word_1_62' title='bbox 924 2035 1007 2116; x_wconf 88' lang='lat' dir='ltr'>tum,</span> <span class='ocrx_word' id='word_1_63' title='bbox 1040 2041 1217 2120; x_wconf 77' lang='lat' dir='ltr'>postquam</span> 
     </span>
     <span class='ocr_line' id='line_1_8' title="bbox 93 2136 1216 2226; baseline 0 -21"><span class='ocrx_word' id='word_1_64' title='bbox 93 2139 258 2226; x_wconf 86' lang='lat' dir='ltr'>reliquiae</span> <span class='ocrx_word' id='word_1_65' title='bbox 290 2137 528 2204; x_wconf 86' lang='lat' dir='ltr'>nonnullarum</span> <span class='ocrx_word' id='word_1_66' title='bbox 559 2136 736 2204; x_wconf 83' lang='lat' dir='ltr'>Menandri</span> <span class='ocrx_word' id='word_1_67' title='bbox 766 2136 959 2204; x_wconf 78' lang='lat' dir='ltr'>fabularum</span> <span class='ocrx_word' id='word_1_68' title='bbox 990 2159 1012 2204; x_wconf 91' lang='lat' dir='ltr'>a</span> <span class='ocrx_word' id='word_1_69' title='bbox 1033 2137 1216 2205; x_wconf 85' lang='lat' dir='ltr'>Lefeburio</span> 
     </span>
     <span class='ocr_line' id='line_1_9' title="bbox 93 2240 1259 2331; baseline -0.002 -21"><span class='ocrx_word' id='word_1_70' title='bbox 93 2265 182 2310; x_wconf 88' lang='lat' dir='ltr'>anuo</span> <span class='ocrx_word' id='word_1_71' title='bbox 206 2242 291 2308; x_wconf 79' lang='lat'>1905</span> <span class='ocrx_word' id='word_1_72' title='bbox 314 2241 469 2309; x_wconf 83' lang='lat' dir='ltr'>detectae</span> <span class='ocrx_word' id='word_1_73' title='bbox 493 2245 581 2322; x_wconf 86' lang='lat' dir='ltr'>sunt,</span> <span class='ocrx_word' id='word_1_74' title='bbox 605 2240 706 2328; x_wconf 89' lang='lat' dir='ltr'>plane</span> <span class='ocrx_word' id='word_1_75' title='bbox 729 2241 900 2327; x_wconf 87' lang='lat' dir='ltr'>cognitum</span> <span class='ocrx_word' id='word_1_76' title='bbox 915 2244 977 2308; x_wconf 87' lang='lat' dir='ltr'>est.</span> <span class='ocrx_word' id='word_1_77' title='bbox 1022 2241 1063 2307; x_wconf 86' lang='lat' dir='ltr'>In</span> <span class='ocrx_word' id='word_1_78' title='bbox 1080 2243 1217 2331; x_wconf 90' lang='lat' dir='ltr'>Discep·</span> <span class='ocrx_word' id='word_1_79' title='bbox 1256 2283 1259 2290; x_wconf 68' lang='lat'>,</span> 
     </span>
     <span class='ocr_line' id='line_1_10' title="bbox 93 2345 1217 2436; baseline -0.001 -21"><span class='ocrx_word' id='word_1_80' title='bbox 93 2348 248 2415; x_wconf 75' lang='lat' dir='ltr'>lantibus</span> <span class='ocrx_word' id='word_1_81' title='bbox 284 2347 371 2412; x_wconf 92' lang='lat' dir='ltr'>enim</span> <span class='ocrx_word' id='word_1_82' title='bbox 405 2345 523 2414; x_wconf 86' lang='lat' dir='ltr'>fabula</span> <span class='ocrx_word' id='word_1_83' title='bbox 557 2348 794 2432; x_wconf 79' lang='lat' dir='ltr'>argumentum</span> <span class='ocrx_word' id='word_1_84' title='bbox 827 2345 920 2412; x_wconf 88' lang='lat' dir='ltr'>illius</span> <span class='ocrx_word' id='word_1_85' title='bbox 960 2367 1108 2430; x_wconf 78' lang='lat' dir='ltr'>scaenae,</span> <span class='ocrx_word' id='word_1_86' title='bbox 1151 2370 1217 2436; x_wconf 88' lang='lat' dir='ltr'>qua</span> 
     </span>
     <span class='ocr_line' id='line_1_11' title="bbox 93 2449 1216 2538; baseline -0.002 -18"><span class='ocrx_word' id='word_1_87' title='bbox 93 2454 225 2520; x_wconf 88' lang='lat' dir='ltr'>factum</span> <span class='ocrx_word' id='word_1_88' title='bbox 257 2454 318 2532; x_wconf 85' lang='lat' dir='ltr'>est,</span> <span class='ocrx_word' id='word_1_89' title='bbox 361 2455 401 2518; x_wconf 86' lang='lat' dir='ltr'>ut</span> <span class='ocrx_word' id='word_1_90' title='bbox 432 2451 618 2518; x_wconf 88' lang='lat' dir='ltr'>Menander</span> <span class='ocrx_word' id='word_1_91' title='bbox 650 2449 737 2517; x_wconf 87' lang='lat' dir='ltr'>huno</span> <span class='ocrx_word' id='word_1_92' title='bbox 770 2450 913 2518; x_wconf 88' lang='lat' dir='ltr'>indicem</span> <span class='ocrx_word' id='word_1_93' title='bbox 944 2453 986 2517; x_wconf 91' lang='lat' dir='ltr'>ab</span> <span class='ocrx_word' id='word_1_94' title='bbox 1018 2457 1216 2538; x_wconf 87' lang='lat' dir='ltr'>argumento</span> 
     </span>
     <span class='ocr_line' id='line_1_12' title="bbox 92 2553 1217 2642; baseline -0.002 -18"><span class='ocrx_word' id='word_1_95' title='bbox 92 2557 202 2628; x_wconf 83' lang='lat' dir='ltr'>totius</span> <span class='ocrx_word' id='word_1_96' title='bbox 226 2555 363 2624; x_wconf 86' lang='lat' dir='ltr'>fabulae</span> <span class='ocrx_word' id='word_1_97' title='bbox 386 2577 525 2642; x_wconf 88' lang='lat' dir='ltr'>prorsus</span> <span class='ocrx_word' id='word_1_98' title='bbox 550 2555 694 2625; x_wconf 87' lang='lat' dir='ltr'>alienum</span> <span class='ocrx_word' id='word_1_99' title='bbox 719 2553 875 2642; x_wconf 81' lang='lat' dir='ltr'>eligeret,</span> <span class='ocrx_word' id='word_1_100' title='bbox 898 2555 1055 2623; x_wconf 89' lang='lat' dir='ltr'>haustum</span> <span class='ocrx_word' id='word_1_101' title='bbox 1079 2578 1151 2622; x_wconf 88' lang='lat' dir='ltr'>esse</span> <span class='ocrx_word' id='word_1_102' title='bbox 1175 2579 1217 2623; x_wconf 85' lang='lat' dir='ltr'>ex</span> 
     </span>
     <span class='ocr_line' id='line_1_13' title="bbox 93 2659 1215 2750; baseline -0.002 -22"><span class='ocrx_word' id='word_1_103' title='bbox 93 2662 204 2749; x_wconf 87' lang='lat' dir='ltr'>Alope</span> <span class='ocrx_word' id='word_1_104' title='bbox 236 2660 353 2727; x_wconf 87' lang='lat' dir='ltr'>fabula</span> <span class='ocrx_word' id='word_1_105' title='bbox 384 2659 559 2750; x_wconf 83' lang='lat' dir='ltr'>Euripidis</span> <span class='ocrx_word' id='word_1_106' title='bbox 591 2659 804 2748; x_wconf 89' lang='lat' dir='ltr'>intellectum</span> <span class='ocrx_word' id='word_1_107' title='bbox 835 2663 889 2726; x_wconf 92' lang='lat' dir='ltr'>est</span> <span class='ocrx_word' id='word_1_108' title='bbox 911 2659 1113 2727; x_wconf 77' lang='lat' dir='ltr'>iamdudum</span> <span class='ocrx_word' id='word_1_109' title='bbox 1134 2661 1215 2746; x_wconf 81' lang='lat' dir='ltr'>(vid.</span> 
     </span>
     <span class='ocr_line' id='line_1_14' title="bbox 92 2763 1214 2853; baseline -0.002 -21"><span class='ocrx_word' id='word_1_110' title='bbox 92 2765 216 2833; x_wconf 87' lang='lat' dir='ltr'>Koert.</span> <span class='ocrx_word' id='word_1_111' title='bbox 251 2764 359 2853; x_wconf 83' lang='lat' dir='ltr'>praef.</span> <span class='ocrx_word' id='word_1_112' title='bbox 403 2787 481 2852; x_wconf 85' lang='lat' dir='ltr'>pag.</span> <span class='ocrx_word' id='word_1_113' title='bbox 514 2765 555 2828; x_wconf 79' lang='lat'>22</span> <span class='ocrx_word' id='word_1_114' title='bbox 588 2768 624 2831; x_wconf 89' lang='lat' dir='ltr'>et</span> <span class='ocrx_word' id='word_1_115' title='bbox 655 2765 698 2830; x_wconf 92' lang='grc' dir='ltr'>Η.</span> <span class='ocrx_word' id='word_1_116' title='bbox 728 2763 862 2848; x_wconf 67' lang='grc' dir='ltr'>ΕἰεοὴΙ.,</span> <span class='ocrx_word' id='word_1_117' title='bbox 884 2804 886 2806; x_wconf 90' lang='grc'>-</span> <span class='ocrx_word' id='word_1_118' title='bbox 909 2765 1022 2832; x_wconf 92' lang='lat' dir='ltr'>Herm.</span> <span class='ocrx_word' id='word_1_119' title='bbox 1057 2767 1109 2846; x_wconf 87' lang='lat'>43,</span> <span class='ocrx_word' id='word_1_120' title='bbox 1123 2766 1214 2849; x_wconf 82' lang='lat'>311);</span> 
     </span>
     <span class='ocr_line' id='line_1_15' title="bbox 93 2867 1216 2960; baseline 0.001 -25"><span class='ocrx_word' id='word_1_121' title='bbox 93 2869 213 2938; x_wconf 90' lang='lat' dir='ltr'>deinde</span> <span class='ocrx_word' id='word_1_122' title='bbox 236 2891 402 2957; x_wconf 87' lang='lat' dir='ltr'>personae</span> <span class='ocrx_word' id='word_1_123' title='bbox 423 2868 650 2956; x_wconf 82' lang='lat' dir='ltr'>Menandreae</span> <span class='ocrx_word' id='word_1_124' title='bbox 675 2867 851 2958; x_wconf 87' lang='lat' dir='ltr'>Euripidis</span> <span class='ocrx_word' id='word_1_125' title='bbox 874 2869 1007 2936; x_wconf 81' lang='lat' dir='ltr'>fabulas</span> <span class='ocrx_word' id='word_1_126' title='bbox 1029 2877 1216 2960; x_wconf 81' lang='lat' dir='ltr'>pernorunt</span> 
     </span>
     <span class='ocr_line' id='line_1_16' title="bbox 93 2973 1215 3062; baseline 0.001 -21"><span class='ocrx_word' id='word_1_127' title='bbox 93 2980 130 3041; x_wconf 87' lang='lat' dir='ltr'>et</span> <span class='ocrx_word' id='word_1_128' title='bbox 152 2997 272 3044; x_wconf 79' lang='lat' dir='ltr'>versus</span> <span class='ocrx_word' id='word_1_129' title='bbox 303 2975 463 3056; x_wconf 80' lang='lat' dir='ltr'>afferunt,</span> <span class='ocrx_word' id='word_1_130' title='bbox 498 2997 526 3041; x_wconf 91' lang='lat' dir='ltr'>e.</span> <span class='ocrx_word' id='word_1_131' title='bbox 550 2996 602 3060; x_wconf 89' lang='lat' dir='ltr'>gr.</span> <span class='ocrx_word' id='word_1_132' title='bbox 629 2973 806 3061; x_wconf 80' lang='lat' dir='ltr'>Sophrona</span> <span class='ocrx_word' id='word_1_133' title='bbox 828 2996 948 3042; x_wconf 85' lang='lat' dir='ltr'>versus</span> <span class='ocrx_word' id='word_1_134' title='bbox 972 2997 1013 3041; x_wconf 83' lang='lat' dir='ltr'>ex</span> <span class='ocrx_word' id='word_1_135' title='bbox 1037 2975 1135 3062; x_wconf 90' lang='lat' dir='ltr'>Auge</span> <span class='ocrx_word' id='word_1_136' title='bbox 1159 2975 1215 3042; x_wconf 89' lang='lat' dir='ltr'>de-</span> 
     </span>
     <span class='ocr_line' id='line_1_17' title="bbox 94 3076 1215 3168; baseline 0.001 -23"><span class='ocrx_word' id='word_1_137' title='bbox 94 3082 246 3166; x_wconf 84' lang='lat' dir='ltr'>sumptus</span> <span class='ocrx_word' id='word_1_138' title='bbox 279 3079 383 3145; x_wconf 87' lang='lat' dir='ltr'>affert</span> <span class='ocrx_word' id='word_1_139' title='bbox 412 3079 516 3164; x_wconf 86' lang='lat' dir='ltr'>(Diso.</span> <span class='ocrx_word' id='word_1_140' title='bbox 541 3078 627 3162; x_wconf 81' lang='lat'>583).</span> <span class='ocrx_word' id='word_1_141' title='bbox 674 3076 763 3160; x_wconf 77' lang='lat' dir='ltr'>Quid</span> <span class='ocrx_word' id='word_1_142' title='bbox 795 3078 885 3167; x_wconf 86' lang='lat' dir='ltr'>quod</span> <span class='ocrx_word' id='word_1_143' title='bbox 915 3078 1018 3146; x_wconf 89' lang='lat' dir='ltr'>etiam</span> <span class='ocrx_word' id='word_1_144' title='bbox 1049 3080 1215 3168; x_wconf 76' lang='lat' dir='ltr'>expositio</span> 
     </span>
     <span class='ocr_line' id='line_1_18' title="bbox 92 3181 1217 3270; baseline 0 -20"><span class='ocrx_word' id='word_1_145' title='bbox 92 3183 229 3250; x_wconf 87' lang='lat' dir='ltr'>fabulae</span> <span class='ocrx_word' id='word_1_146' title='bbox 248 3183 472 3251; x_wconf 87' lang='lat' dir='ltr'>Menandreae</span> <span class='ocrx_word' id='word_1_147' title='bbox 495 3185 732 3269; x_wconf 77' lang='lat' dir='ltr'>argumentum</span> <span class='ocrx_word' id='word_1_148' title='bbox 754 3181 890 3250; x_wconf 83' lang='lat' dir='ltr'>fabulae</span> <span class='ocrx_word' id='word_1_149' title='bbox 905 3181 1112 3270; x_wconf 84' lang='lat' dir='ltr'>Euripideae</span> <span class='ocrx_word' id='word_1_150' title='bbox 1133 3183 1217 3250; x_wconf 86' lang='lat' dir='ltr'>mihi</span> 
     </span>
     <span class='ocr_line' id='line_1_19' title="bbox 92 3286 1214 3375; baseline 0 -21"><span class='ocrx_word' id='word_1_151' title='bbox 92 3287 226 3375; x_wconf 90' lang='lat' dir='ltr'>quidem</span> <span class='ocrx_word' id='word_1_152' title='bbox 241 3287 277 3358; x_wconf 91' lang='lat' dir='ltr'>in</span> <span class='ocrx_word' id='word_1_153' title='bbox 292 3291 437 3355; x_wconf 87' lang='lat' dir='ltr'>mentem</span> <span class='ocrx_word' id='word_1_154' title='bbox 454 3286 617 3355; x_wconf 81' lang='lat' dir='ltr'>revocat?</span> <span class='ocrx_word' id='word_1_155' title='bbox 662 3287 783 3353; x_wconf 86' lang='lat' dir='ltr'>Nonne</span> <span class='ocrx_word' id='word_1_156' title='bbox 799 3288 925 3374; x_wconf 88' lang='lat' dir='ltr'>optime</span> <span class='ocrx_word' id='word_1_157' title='bbox 939 3309 1013 3354; x_wconf 87' lang='lat' dir='ltr'>cum</span> <span class='ocrx_word' id='word_1_158' title='bbox 1028 3286 1214 3354; x_wconf 84' lang='lat' dir='ltr'>Menandro</span> 
     </span>
     <span class='ocr_line' id='line_1_20' title="bbox 92 3390 1226 3477; baseline 0.001 -19"><span class='ocrx_word' id='word_1_159' title='bbox 92 3391 272 3459; x_wconf 85' lang='lat' dir='ltr'>concinunt</span> <span class='ocrx_word' id='word_1_160' title='bbox 305 3394 411 3458; x_wconf 88' lang='lat' dir='ltr'>verba</span> <span class='ocrx_word' id='word_1_161' title='bbox 441 3410 483 3458; x_wconf 84' lang='lat' dir='ltr'>ex</span> <span class='ocrx_word' id='word_1_162' title='bbox 513 3391 615 3458; x_wconf 87' lang='lat' dir='ltr'>Mosis</span> <span class='ocrx_word' id='word_1_163' title='bbox 640 3391 862 3459; x_wconf 82' lang='lat' dir='ltr'>Chorenensis</span> <span class='ocrx_word' id='word_1_164' title='bbox 884 3390 1071 3477; x_wconf 86' lang='lat' dir='ltr'>Progymn.</span> <span class='ocrx_word' id='word_1_165' title='bbox 1096 3391 1226 3474; x_wconf 76' lang='lat' dir='ltr'>allata·</span> 
     </span>
    </p>
   </div>
   <div class='ocr_carea' id='block_1_6' title="bbox 91 3487 1214 3792">
    <p class='ocr_par' dir='ltr' id='par_1_6' title="bbox 91 3487 1214 3792">
     <span class='ocr_line' id='line_1_21' title="bbox 92 3487 1214 3585; baseline -0.001 -22"><span class='ocrx_word' id='word_1_166' title='bbox 92 3518 179 3583; x_wconf 91' lang='lat' dir='ltr'>quae</span> <span class='ocrx_word' id='word_1_167' title='bbox 202 3496 292 3585; x_wconf 91' lang='lat' dir='ltr'>apud</span> <span class='ocrx_word' id='word_1_168' title='bbox 315 3497 484 3583; x_wconf 84' lang='lat' dir='ltr'>Angelum</span> <span class='ocrx_word' id='word_1_169' title='bbox 499 3495 627 3563; x_wconf 86' lang='lat' dir='ltr'>Maium</span> <span class='ocrx_word' id='word_1_170' title='bbox 646 3495 691 3562; x_wconf 90' lang='lat' dir='ltr'>ad</span> <span class='ocrx_word' id='word_1_171' title='bbox 712 3494 853 3562; x_wconf 84' lang='lat' dir='ltr'>Eusebii</span> <span class='ocrx_word' id='word_1_172' title='bbox 876 3487 1057 3562; x_wconf 79' lang='lat' dir='ltr'>editionem</span> <span class='ocrx_word' id='word_1_173' title='bbox 1080 3495 1214 3563; x_wconf 86' lang='lat' dir='ltr'>Mediol.</span> 
     </span>
     <span class='ocr_line' id='line_1_22' title="bbox 91 3599 925 3698; baseline -0.001 -32"><span class='ocrx_word' id='word_1_174' title='bbox 91 3602 157 3666; x_wconf 76' lang='lat'>294</span> <span class='ocrx_word' id='word_1_175' title='bbox 179 3599 347 3684; x_wconf 80' lang='lat' dir='ltr'>(Meineke</span> <span class='ocrx_word' id='word_1_176' title='bbox 370 3623 450 3698; x_wconf 90' lang='lat' dir='ltr'>com.</span> <span class='ocrx_word' id='word_1_177' title='bbox 473 3599 518 3682; x_wconf 81' lang='lat' dir='ltr'>V,</span> <span class='ocrx_word' id='word_1_178' title='bbox 540 3602 596 3684; x_wconf 80' lang='lat'>57)</span> <span class='ocrx_word' id='word_1_179' title='bbox 618 3601 800 3687; x_wconf 86' lang='lat' dir='ltr'>leguntur:</span> <span class='ocrx_word' id='word_1_180' title='bbox 909 3624 925 3688; x_wconf 73' lang='lat' dir='ltr'><em>j</em></span> 
     </span>
     <span class='ocr_line' id='line_1_23' title="bbox 97 3703 1214 3792; baseline -0.001 -21"><span class='ocrx_word' id='word_1_181' title='bbox 97 3705 195 3788; x_wconf 84' lang='lat' dir='ltr'>„dum</span> <span class='ocrx_word' id='word_1_182' title='bbox 226 3705 262 3770; x_wconf 94' lang='lat' dir='ltr'>in</span> <span class='ocrx_word' id='word_1_183' title='bbox 293 3705 462 3778; x_wconf 84' lang='lat' dir='ltr'>Arcadiae</span> <span class='ocrx_word' id='word_1_184' title='bbox 494 3703 639 3792; x_wconf 88' lang='lat' dir='ltr'>quadam</span> <span class='ocrx_word' id='word_1_185' title='bbox 669 3707 752 3771; x_wconf 90' lang='lat' dir='ltr'>urbe</span> <span class='ocrx_word' id='word_1_186' title='bbox 784 3706 908 3772; x_wconf 86' lang='lat' dir='ltr'>festum</span> <span class='ocrx_word' id='word_1_187' title='bbox 930 3705 1104 3774; x_wconf 85' lang='lat' dir='ltr'>Minervae</span> <span class='ocrx_word' id='word_1_188' title='bbox 1128 3703 1214 3771; x_wconf 89' lang='lat' dir='ltr'>eele-</span> 
     </span>
    </p>
   </div>
   <div class='ocr_carea' id='block_1_7' title="bbox 91 3809 1314 3896">
    <p class='ocr_par' dir='ltr' id='par_1_7' title="bbox 91 3809 1314 3896">
     <span class='ocr_line' id='line_1_24' title="bbox 91 3809 1314 3896; baseline -0.001 -20"><span class='ocrx_word' id='word_1_189' title='bbox 91 3809 264 3893; x_wconf 87' lang='lat' dir='ltr'>braretur,</span> <span class='ocrx_word' id='word_1_190' title='bbox 288 3832 362 3876; x_wconf 87' lang='lat' dir='ltr'>oum</span> <span class='ocrx_word' id='word_1_191' title='bbox 385 3809 533 3878; x_wconf 87' lang='lat' dir='ltr'>eiusdem</span> <span class='ocrx_word' id='word_1_192' title='bbox 556 3809 732 3876; x_wconf 85' lang='lat' dir='ltr'>sacerdote</span> <span class='ocrx_word' id='word_1_193' title='bbox 748 3809 869 3896; x_wconf 88' lang='lat' dir='ltr'>Augea</span> <span class='ocrx_word' id='word_1_194' title='bbox 886 3809 965 3876; x_wconf 90' lang='lat' dir='ltr'>Alei</span> <span class='ocrx_word' id='word_1_195' title='bbox 982 3809 1053 3877; x_wconf 90' lang='lat' dir='ltr'>filia</span> <span class='ocrx_word' id='word_1_196' title='bbox 1074 3810 1213 3881; x_wconf 88' lang='lat' dir='ltr'>choreas</span> <span class='ocrx_word' id='word_1_197' title='bbox 1313 3867 1314 3875; x_wconf 72' lang='grc'>,</span> 
     </span>
    </p>
   </div>
   <div class='ocr_carea' id='block_1_8' title="bbox 91 3913 1215 4105">
    <p class='ocr_par' dir='ltr' id='par_1_8' title="bbox 91 3913 1215 4105">
     <span class='ocr_line' id='line_1_25' title="bbox 91 3913 1215 4001; baseline 0.002 -21"><span class='ocrx_word' id='word_1_198' title='bbox 91 3915 128 3980; x_wconf 94' lang='lat' dir='ltr'>in</span> <span class='ocrx_word' id='word_1_199' title='bbox 149 3914 322 3981; x_wconf 88' lang='lat' dir='ltr'>nocturnis</span> <span class='ocrx_word' id='word_1_200' title='bbox 347 3915 450 3981; x_wconf 85' lang='lat' dir='ltr'>saonis</span> <span class='ocrx_word' id='word_1_201' title='bbox 475 3915 630 4001; x_wconf 88' lang='lat' dir='ltr'>agitante</span> <span class='ocrx_word' id='word_1_202' title='bbox 652 3936 724 3980; x_wconf 88' lang='lat' dir='ltr'>rem</span> <span class='ocrx_word' id='word_1_203' title='bbox 746 3913 911 3982; x_wconf 88' lang='lat' dir='ltr'>Hercules</span> <span class='ocrx_word' id='word_1_204' title='bbox 935 3913 1063 3996; x_wconf 89' lang='lat' dir='ltr'>habuit,</span> <span class='ocrx_word' id='word_1_205' title='bbox 1098 3915 1156 4001; x_wconf 89' lang='lat' dir='ltr'>qui</span> <span class='ocrx_word' id='word_1_206' title='bbox 1178 3918 1215 3982; x_wconf 93' lang='lat' dir='ltr'>et</span> 
     </span>
     <span class='ocr_line' id='line_1_26' title="bbox 91 4017 987 4105; baseline 0 -20"><span class='ocrx_word' id='word_1_207' title='bbox 91 4019 190 4085; x_wconf 90' lang='lat' dir='ltr'>huius</span> <span class='ocrx_word' id='word_1_208' title='bbox 214 4019 300 4085; x_wconf 79' lang='lat' dir='ltr'>furti</span> <span class='ocrx_word' id='word_1_209' title='bbox 322 4022 445 4085; x_wconf 91' lang='lat' dir='ltr'>testem</span> <span class='ocrx_word' id='word_1_210' title='bbox 468 4018 609 4104; x_wconf 87' lang='lat' dir='ltr'>reliquit</span> <span class='ocrx_word' id='word_1_211' title='bbox 633 4017 663 4084; x_wconf 91' lang='lat' dir='ltr'>ei</span> <span class='ocrx_word' id='word_1_212' title='bbox 687 4017 823 4084; x_wconf 89' lang='lat' dir='ltr'>anulum</span> <span class='ocrx_word' id='word_1_213' title='bbox 847 4069 854 4083; x_wconf 92' lang='lat'>.</span> <span class='ocrx_word' id='word_1_214' title='bbox 879 4069 887 4085; x_wconf 93' lang='lat'><strong>.</strong></span> <span class='ocrx_word' id='word_1_215' title='bbox 912 4022 939 4083; x_wconf 80' lang='lat'>&#39;.“</span> <span class='ocrx_word' id='word_1_216' title='bbox 953 4020 987 4105; x_wconf 73' lang='grc'>2).</span> 
     </span>
    </p>
   </div>
   <div class='ocr_carea' id='block_1_9' title="bbox 91 4193 1214 4441">
    <p class='ocr_par' dir='ltr' id='par_1_9' title="bbox 91 4193 1214 4441">
     <span class='ocr_line' id='line_1_27' title="bbox 183 4193 842 4263; baseline -0.002 -16"><span class='ocrx_word' id='word_1_217' title='bbox 183 4195 210 4263; x_wconf 84' lang='grc'>1)</span> <span class='ocrx_word' id='word_1_218' title='bbox 230 4193 271 4248; x_wconf 84' lang='lat' dir='ltr'>Cf.</span> <span class='ocrx_word' id='word_1_219' title='bbox 290 4193 347 4247; x_wconf 86' lang='lat' dir='ltr'>Leo</span> <span class='ocrx_word' id='word_1_220' title='bbox 367 4193 430 4247; x_wconf 88' lang='lat' dir='ltr'>hist.</span> <span class='ocrx_word' id='word_1_221' title='bbox 449 4193 534 4248; x_wconf 86' lang='lat' dir='ltr'>litter.</span> <span class='ocrx_word' id='word_1_222' title='bbox 555 4193 632 4246; x_wconf 92' lang='lat' dir='ltr'>Rom.</span> <span class='ocrx_word' id='word_1_223' title='bbox 652 4193 673 4259; x_wconf 91' lang='lat' dir='ltr'>l,</span> <span class='ocrx_word' id='word_1_224' title='bbox 693 4208 753 4261; x_wconf 86' lang='lat' dir='ltr'>cap.</span> <span class='ocrx_word' id='word_1_225' title='bbox 773 4193 806 4259; x_wconf 79' lang='lat' dir='ltr'>V,</span> <span class='ocrx_word' id='word_1_226' title='bbox 817 4197 842 4246; x_wconf 83' lang='lat'>2.</span> 
     </span>
     <span class='ocr_line' id='line_1_28' title="bbox 181 4281 1214 4352; baseline 0 -16"><span class='ocrx_word' id='word_1_227' title='bbox 181 4283 210 4352; x_wconf 87' lang='grc'>2)</span> <span class='ocrx_word' id='word_1_228' title='bbox 228 4283 286 4336; x_wconf 88' lang='lat' dir='ltr'>Hoc</span> <span class='ocrx_word' id='word_1_229' title='bbox 315 4288 504 4350; x_wconf 85' lang='lat' dir='ltr'>argumentum</span> <span class='ocrx_word' id='word_1_230' title='bbox 522 4282 677 4336; x_wconf 86' lang='lat' dir='ltr'>Meinekius</span> <span class='ocrx_word' id='word_1_231' title='bbox 706 4297 740 4335; x_wconf 83' lang='lat' dir='ltr'>ex</span> <span class='ocrx_word' id='word_1_232' title='bbox 766 4281 905 4336; x_wconf 86' lang='lat' dir='ltr'>comoedia</span> <span class='ocrx_word' id='word_1_233' title='bbox 933 4282 1027 4350; x_wconf 86' lang='lat' dir='ltr'>aliqua</span> <span class='ocrx_word' id='word_1_234' title='bbox 1055 4281 1214 4350; x_wconf 84' lang='lat' dir='ltr'>profectum</span> 
     </span>
     <span class='ocr_line' id='line_1_29' title="bbox 91 4359 1213 4441; baseline -0.002 -13"><span class='ocrx_word' id='word_1_235' title='bbox 91 4389 152 4428; x_wconf 85' lang='lat' dir='ltr'>esse</span> <span class='ocrx_word' id='word_1_236' title='bbox 171 4372 286 4441; x_wconf 88' lang='lat' dir='ltr'>putavit,</span> <span class='ocrx_word' id='word_1_237' title='bbox 306 4365 354 4425; x_wconf 81' lang='lat' dir='ltr'>sed</span> <span class='ocrx_word' id='word_1_238' title='bbox 373 4371 598 4425; x_wconf 86' lang='lat' dir='ltr'>Wilamowitzius</span> <span class='ocrx_word' id='word_1_239' title='bbox 618 4370 756 4440; x_wconf 85' lang='lat' dir='ltr'>(Analect.</span> <span class='ocrx_word' id='word_1_240' title='bbox 776 4369 872 4439; x_wconf 87' lang='lat' dir='ltr'>Eurip.</span> <span class='ocrx_word' id='word_1_241' title='bbox 891 4386 954 4439; x_wconf 87' lang='lat' dir='ltr'>pag.</span> <span class='ocrx_word' id='word_1_242' title='bbox 970 4372 1078 4439; x_wconf 82' lang='lat' dir='ltr'>1&#39;86ss.)</span> <span class='ocrx_word' id='word_1_243' title='bbox 1094 4359 1157 4424; x_wconf 86' lang='lat' dir='ltr'>¹iure</span> <span class='ocrx_word' id='word_1_244' title='bbox 1176 4370 1213 4426; x_wconf 86' lang='lat' dir='ltr'>de</span> 
     </span>
    </p>
   </div>
   <div class='ocr_carea' id='block_1_10' title="bbox 0 0 1554 5204">
    <p class='ocr_par' dir='ltr' id='par_1_10' title="bbox 0 0 1554 5204">
     <span class='ocr_line' id='line_1_30' title="bbox 0 0 1554 5204; baseline 0 0"><span class='ocrx_word' id='word_1_245' title='bbox 0 0 1554 5204; x_wconf 95' lang='lat' dir='ltr'> </span> 
     </span>
    </p>
   </div>
  </div>
 </body>
</html>
