3098 5204
434 1191 707 1304 Conspectus
722 1194 922 1300 capitum.

124 1379 215 1446 Caput
234 1377 254 1430 Ι.
293 1377 334 1434 De
353 1377 421 1432 locis
441 1377 541 1448 quibus
570 1377 695 1454 singulae
722 1393 858 1448 personae
886 1377 986 1433 affectu
1014 1382 1163 1438 commotae
1181 1391 1245 1446 pro·

161 1465 253 1532 deant,
273 1467 373 1534 agitur.
715 1469 719 1478 “

232 1572 256 1609 a.
275 1555 318 1608 De
336 1553 438 1609 dolore.

231 1645 257 1700 b.
278 1643 320 1722 De
338 1643 460 1712 inquiete
478 1645 570 1700 animi.

237 1751 258 1786 c.
279 1733 321 1787 De
340 1732 567 1788 consideratione.
1269 1805 1272 1810 Ι

231 1823 256 1877 d.
276 1823 442 1894 Datimore.
1159 1840 1168 1878 r

236 1929 259 1966 e.
279 1912 320 1967 Dc
340 1913 553 1981 exspectatione.

124 2002 213 2070 Caput
232 2001 267 2055 Il.
305 2002 346 2056 De
374 1991 452 2067 locis
479 2000 577 2070 quibus
604 2001 674 2056 duae
700 2018 835 2071 personae
860 2003 940 2056 simul
965 2003 993 2056 in
1013 2017 1138 2056 scaenam
1157 2002 1245 2070 ingre-

160 2089 282 2159 diuntur„
300 2091 467 2159 disputatur.

231 2197 256 2235 a.
275 2181 317 2234 De
336 2179 472 2248 colloquio
491 2186 605 2234 secreto.

232 2271 258 2346 b.-
276 2269 318 2323 De
330 2260 503 2338 'repetitione
521 2270 650 2338 colloquii
669 2261 751 2324 extra*
767 2287 893 2326 scaenam
911 2271 1023 2340 incepti.

235 2378 256 2413 c.
277 2360 319 2413 De
336 2360 371 2414 iis
390 2360 466 2427 locis,
487 2360 585 2427 quibus
606 2360 696 2414 altera
713 2375 833 2429 persona
852 2361 967 2415 alteram
987 2360 1171 2427 subsequitur.

231 2449 256 2502 d.
277 2449 319 2504 De
338 2450 454 2516 scaenis
473 2449 502 2502 in
522 2449 620 2516 quibus
639 2450 778 2518 negotium
796 2449 885 2504 datur.

123 2538 213 2608 Caput
231 2538 280 2591 Ill.
317 2538 410 2594 Varia.

130 2675 132 2681 .
232 2644 249 2680 a
276 2627 318 2681 De
346 2627 380 2684 iis
410 2628 487 2696 locis,
516 2629 615 2696 quibus
643 2645 777 2698 personae
803 2644 912 2683 rumore
937 2627 971 2682 de
996 2629 1078 2683 rebus
1098 2629 1126 2681 in
1145 2643 1244 2682 scaena

302 2713 387 2784 gestis
406 2717 499 2772 audito
517 2719 637 2773 renuunt.

231 2805 257 2859 b.
276 2805 319 2860 De
337 2805 448 2860 deiectu
468 2820 568 2862 causae
586 2806 693 2862 tardius
712 2807 801 2863 eundi.

124 2893 213 2963 Caput
231 2895 279 2949 lV.
315 2895 358 2948 De
375 2895 443 2950 locis
463 2896 635 2964 comicorum,
655 2899 702 2963 qui
720 2912 804 2952 causa
822 2896 941 2952 adeundi
959 2902 1062 2966 carent,
1083 2899 1182 2965 agitur.

231 3000 256 3038 a.
276 2984 317 3038 De
335 3001 515 3052 personarum
534 2984 618 3039 aditu.

230 3073 255 3126 b.
275 3071 319 3126 De
337 3073 445 3141 prologi
463 3073 548 3126 aditu.
668 3057 675 3070 ’

236 3161 319 3219 c.,De
339 3162 415 3216 chori
433 3161 519 3215 aditu.

125 3251 214 3319 Caput
232 3250 264 3306 V.
302 3251 343 3304 De
363 3251 473 3306 comicis
493 3252 687 3320 Aristophanis
706 3252 897 3306 sectatoribus.

221 3357 255 3393 a.
276 3339 317 3393 De
344 3340 460 3406 scaenis,
487 3341 516 3394 in
544 3340 643 3408 quibus
671 3355 806 3409 personae
833 3341 861 3394 in
884 3341 946 3410 ipsa
964 3341 1071 3395 demum
1097 3357 1197 3396 scaena
1214 3339 1244 3394 id

302 3429 420 3484 animum
438 3429 568 3484 inducere
586 3429 721 3498 videntur,
749 3445 852 3496 quere
871 3446 944 3498 vera,
969 3436 1001 3484 ut
1025 3444 1150 3484 scaenam
1169 3431 1243 3483 intro

301 3519 382 3587 irent,
402 3524 551 3572 commotae
570 3525 640 3573 sunt.

184 3644 187 3652 «
230 3608 256 3660 b.
276 3608 318 3660 De
337 3608 451 3676 crapula
469 3623 552 3662 causa
571 3607 731 3677 prodeundi.
