3098 5204
825 373 868 438 30

289 549 382 614 mata
406 544 589 612 exclamat:
617 565 688 628 ,me
710 542 877 624 miseram,
903 543 983 631 quid
1006 563 1105 630 agam
1127 543 1419 627 nescio“,'dsiude

289 649 445 736 exangeli
467 670 603 716 munere
625 647 793 734 fungitur.
1203 655 1206 663 '

375 754 417 820 Iu
440 752 551 820 Casia.
585 773 613 816 v.
637 752 702 817 875
732 747 892 840 Olympio
922 753 957 818 in
981 773 1135 820 scaenam
1164 752 1257 840 fugit
1280 755 1417 822 omnino

288 859 421 941 inscius,
450 880 532 945 ,quo
549 857 681 944 fugiat'“
708 860 743 923 et
768 857 846 940 ,ubi
860 857 991 926 lateat“
1017 861 1053 924 et
1078 857 1159 942 ,hoc
1182 858 1324 926 dedecus
1347 883 1417 948 quo

288 963 386 1032 modo
410 963 531 1031 celet“.
575 961 707 1030 Deinde
730 983 791 1029 sua
816 961 932 1046 ,facta
950 962 1090 1030 iterat“.

377 1068 536 1138 Eiusdem
559 1067 697 1135 fabulae
721 1067 839 1140 similis
863 1089 984 1174 scaena
1006 1071 1060 1134 est
1082 1091 1114 1133 v.
1138 1067 1202 1136 621
1213 1089 1254 1135 ss.
1286 1068 1418 1136 Parda-

289 1174 373 1242 lisca
395 1197 431 1241 se
444 1176 539 1240 metu
554 1173 777 1261 perterritam
793 1175 830 1240 et
845 1175 1048 1257 trementem
1063 1172 1099 1238 in
1114 1195 1266 1240 scaenam
1283 1174 1417 1241 irruere

153 1297 155 1304 ’
289 1277 390 1364 fingit
411 1277 721 1366 paratragoedans:

419 1382 608 1465 ...„uescio
631 1380 859 1465 undeauxili,
881 1381 1041 1469 praesidi,
1065 1382 1201 1470 perfugi

416 1486 462 1553 mi
484 1491 546 1554 aut
569 1485 796 1576 episcopiam
819 1506 1008 1573 comparem
1031 1489 1092 1553 aut
1115 1489 1303 1574 expetam“.

377 1592 419 1657 Id
441 1596 511 1658 est:
536 1589 733 1658 Pardalisca
755 1613 918 1678 personas
936 1591 1140 1680 Euripideas
1163 1590 1299 1660 imitata
1321 1594 1417 1658 metu

291 1695 495 1763 commoveri
513 1694 661 1778 videtur,
685 1699 725 1763 ut
748 1699 857 1777 exeat,
881 1717 921 1762 re
943 1715 1027 1762 vera
1048 1696 1152 1762 missa
1174 1699 1227 1763 est
1250 1696 1350 1782 (688),
1374 1700 1418 1764 ut

290 1800 510 1887 Lysidamum
532 1799 632 1867 ludat
642 1799 677 1885 ¹).

262 1951 264 1958 ·
377 1907 420 1971 ln
434 1905 572 1973 brevius
593 1907 771 1972 contracta
792 1903 874 1971 haec
897 1903 1006 1972 forma
1029 1904 1203 1972 invenitur
1225 1904 1260 1972 in
1275 1905 1417 1991 Hecyra

292 2009 509 2077 Terentiana.
542 2010 584 2075 In
606 2034 638 2078 ν.
662 2010 727 2075 ,516
749 2009 929 2094 Myrrhina
951 2009 1052 2076 anxia
1074 2009 1264 2096 procurrit:
1292 2007 1415 2094 ,Perii

290 2115 372 2204 quid
407 2114 529 2202 agam?
564 2137 628 2202 quo
663 2136 716 2181 me
748 2114 926 2181 vortaml.
941 2166 948 2181 .
963 2100 1006 2179 .“'
1047 2114 1177 2181 Deinde
1210 2115 1325 2202 paucis
1359 2137 1414 2182 res

289 2223 407 2308 gestas
431 2220 550 2286 edocet
573 2221 794 2306 spectatores.
905 2259 907 2262 -

377 2321 553 2411 Euripidis
576 2323 731 2390 Orestem
762 2323 946 2390 contulisse
980 2323 1023 2392 ad
1054 2323 1198 2390 formam
1221 2323 1416 2391 fabularum

291 2429 494 2496 comicarum
523 2449 619 2496 nemo
651 2429 812 2509 miratur,
847 2427 906 2515 qui
936 2427 969 2491 τὸ
1002 2431 1101 2514 δρᾶ-μα
1132 2433 1191 2493 τῶν
1223 2427 1271 2492 ἐπὶ
1305 2435 1415 2514 σκηνῆς

291 2535 526 2619 εὐδοκιμούντων
562 2532 617 2620 (cf.
650 2532 792 2620 argum.)
825 2532 931 2599 fuisse
963 2533 1038 2600 scil.
1075 2532 1176 2618 (Vide
1204 2532 1328 2600 Philol.
1361 2535 1414 2618 60,

291 2663 322 2726 p.
346 2640 411 2728 440
424 2641 480 2723 ss.)
1406 2649 1408 2656 '

379 2821 407 2865 e.
439 2796 570 2864 Deinde
593 2819 668 2863 cum
686 2795 908 2864 concitatiore
931 2795 1034 2862 animi
1056 2795 1176 2865 habitu
1191 2819 1415 2886 personarum

292 2905 333 2969 ab
350 2901 513 2990 Euripide
527 2895 744 2968 inducturum
764 2900 930 2984 cohaeret,
955 2901 1045 2986 quod
1067 2923 1241 2988 personae,
1265 2901 1294 2968 si
1316 2925 1415 2989 quem

291 3009 473 3073 venturum
502 3029 574 3074 esse
604 3009 818 3094 exspectant,
854 3029 922 3072 non
950 3005 1040 3072 domi
1061 3011 1254 3090 remanent,
1290 3006 1349 3074 sed
1379 3007 1415 3073 in

219 3157 220 3162 κ
292 3132 445 3180 scaenam
467 3131 633 3198 egressae,
657 3134 737 3176 uum
759 3131 905 3198 persona
928 3113 1127 3198 exspectata
1141 3111 1311 3194 adveniat,
1336 3132 1414 3198 pro=

291 3215 419 3284 vident.
464 3215 516 3282 At
547 3214 627 3282 talis
656 3210 749 3282 locus
762 3275 765 3280 .
779 3215 868 3301 apud
891 3214 1154 3302 Aristophanem
1179 3220 1258 3283 ants
1280 3215 1415 3283 unicum

291 3321 400 3387 locum
422 3319 645 3407 Euripideum
666 3320 857 3388 invenitur:
954 3357 956 3361 ·

377 3427 444 3492 Av.
470 3425 563 3490 1118.
599 3423 820 3491 Pithetaerus
843 3423 1006 3492 sacrificio
1037 3424 1129 3491 intus
1158 3428 1296 3512 peracto
1319 3425 1414 3493 foras

290 3530 382 3597 redit
403 3533 671 3616 exspectaturus,
700 3552 779 3595 num
802 3528 951 3612 nuntiae,
981 3529 1039 3615 qui
1062 3528 1103 3596 de
1126 3531 1298 3598 moenibus
1323 3529 1416 3596 aedi-

384 3709 409 3774 1)
429 3706 526 3774 ltaque
546 3705 619 3774 quod
637 3721 726 3774 neque
745 3722 829 3760 causa
848 3707 977 3762 simulata
996 3721 1084 3774 neque
1103 3721 1187 3760 causa
1206 3721 1279 3771 vera,
1299 3720 1417 3773 quarum

291 3800 391 3874 neutra
408 3794 510 3850 talibus
530 3796 598 3850 locis
617 3795 713 3850 deesse
732 3796 810 3863 solet,
831 3794 1011 3862 desideratur,
1031 3795 1122 3849 omnia
1141 3796 1225 3863 plana
1242 3799 1341 3861 esseut,
1361 3796 1416 3852 nisi

291 3883 360 3936 miro
380 3881 459 3938 modo
478 3882 639 3940 Pardalisca
657 3903 680 3938 v.
701 3887 801 3950 masso
820 3901 850 3940 se
868 3885 979 3939 missam
998 3899 1058 3938 esse
1077 3883 1261 3952 profiteretur,
1287 3890 1318 3937 ut
1338 3884 1415 3954 Lysi-

291 3971 370 4026 damo
398 3971 515 4041 diceret,
543 3979 575 4028 ut
601 3989 619 4027 a
647 3973 747 4028 Casina
778 3979 895 4028 careret.
942 3973 1008 4026 Cum
1035 3973 1104 4027 haec
1132 3973 1216 4026 verba
1233 3973 1417 4028 imitationem

291 4075 459 4129 scaenarum,
487 4063 516 4116 in
542 4062 641 4131 quibus
667 4062 794 4131 exangeli
818 4062 962 4132 prodeunt,
991 4062 1155 4131 perturbent
1181 4067 1209 4116 et
1232 4062 1271 4116 eis
1295 4061 1415 4118 inductis

291 4150 428 4218 colloquio
453 4151 521 4205 nihil
546 4151 626 4218 desit,
655 4152 797 4218 aPlauto,
826 4153 873 4220 qui
898 4151 980 4206 etiam
1006 4151 1074 4206 alias
1094 4167 1204 4206 causam
1222 4151 1368 4220 genuinam
1387 4161 1416 4208 et

292 4255 402 4293 causam
430 4256 447 4294 a
474 4255 504 4295 se
531 4242 591 4310 ipso
620 4242 758 4296 inventam
785 4239 857 4294 male
885 4240 1026 4294 coniunxit
1053 4239 1127 4311 (vide
1154 4258 1180 4309 p.
1200 4242 1262 4309 64),
1303 4255 1416 4296 causam

291 4347 314 4382 ν.
335 4331 435 4398 679ίὸ0
453 4329 607 4385 inconsulte
626 4327 748 4384 additam
767 4345 827 4384 esse
846 4337 923 4397 puto.
