3098 5204
768 456 835 521 -64

340 647 560 715 Menandrum
591 669 657 714 uon
689 647 796 715 solum
826 647 889 714 hac
918 670 1015 714 usum
1044 669 1117 714 esse
1148 651 1224 714 arte
1246 646 1377 714 nullum

254 752 320 818 iam
344 755 460 819 exstat
475 758 710 840 argumentum
733 755 870 840 praeter
894 773 1047 818 scaenam
1063 751 1267 819 Philemonis
1283 752 1377 819 Trin.

146 939 147 944 ἵ
199 900 202 906 -
235 945 236 950 ἵ
254 857 318 922 602
328 879 352 922 a.
377 855 536 924 Callicles
553 857 649 938 enim,
666 860 845 944 postquam
862 862 1099 944 argumentum
1112 856 1270 945 colloquii
1281 858 1377 925 intus

255 961 365 1028 habiti
388 962 535 1028 relatum
566 964 628 1044 est,
661 985 693 1028 v.
719 962 783 1026 614
816 961 860 1027 ad
884 961 1146 1047 „castigatorem
1169 966 1282 1030 31111111ιι
1308 963 1378 1028 Me-

204 1150 206 1158 ·
254 1065 449 1152 garonidem
472 1066 523 1132 ire
547 1066 737 1144 constituit,
768 1064 933 1132 Stasimus
957 1069 1079 1146 autem,
1111 1087 1251 1153 quocum
1274 1067 1378 1145 collo-

255 1169 368 1256 quium
392 1169 545 1254 iteravit,
569 1171 605 1236 iu
628 1193 749 1238 scaena
770 1174 933 1237 remanet.

342 1378 375 1462 b)
398 1377 528 1444 Deinde
551 1382 672 1466 poetae
695 1400 803 1445 novae
825 1378 1023 1458 comoediae,
1048 1399 1146 1464 quam
1163 1400 1296 1446 causam
1319 1402 1378 1448 eos

255 1505 296 1548 ex
318 1483 488 1550 comoedia
511 1483 690 1571 sumpsisse
721 1505 759 1548 re
789 1483 862 1570 ipsa
893 1482 1101 1563 ostenditur,
1137 1482 1265 1550 duobus
1294 1484 1378 1552 locis

155 1597 157 1602 '
255 1610 372 1658 servos
389 1591 549 1654 exeuntes
566 1587 706 1670 faciunt,
728 1592 768 1654 ut
783 1587 984 1668 ambulando
1000 1588 1172 1674 crapulam
1187 1593 1379 1656 amoveant.

254 1691 328 1758 Hae
360 1713 460 1759 causa
481 1691 665 1760 Menander
697 1693 770 1759 loco
793 1692 859 1759 Ad.
885 1693 948 1758 763
979 1715 1060 1758 usus
1090 1697 1160 1777 est;
1196 1692 1310 1759 eadem
1343 1695 1380 1762 in

255 1796 440 1883 exemplari
456 1797 616 1865 Pseudoli
631 1795 812 1883 legebatur
829 1797 925 1880 olim;
950 1819 1027 1862 nam
1043 1799 1083 1862 ut
1097 1819 1185 1863 nunc
1202 1797 1237 1863 in
1253 1797 1379 1866 Plauto

255 1923 376 1968 scaena
399 1901 441 1984 V,
466 1903 485 1967 1
510 1906 635 1982 exstat,
668 1901 854 1969 Pseudolus
885 1889 968 1968 duas
991 1901 1237 1980 diversissimas
1261 1924 1379 1970 causas

254 2006 458 2094 procedendi
478 2005 628 2094 profert:
660 2006 701 2072 ln
723 2031 756 2073 v.
781 2007 865 2071 1282
892 2006 988 2089 ,inde
1012 2006 1075 2071 huo
1097 2006 1174 2088 exii,
1205 2007 1379 2093 crapulam

255 2110 333 2176 dum
348 2114 557 2178 amoverem“
584 2111 676 2194 dicit,
702 2111 761 2178 sed
783 2112 819 2177 in
833 2133 936 2178 versu
952 2111 1143 2198 insequenti
1165 2133 1200 2177 se
1215 2111 1379 2198 prodisse,

254 2214 294 2281 ut
317 2215 486 2281 dominum
510 2216 551 2282 de
575 2216 710 2284 foedere
727 2219 890 2296 moneret,
915 2215 1028 2282 adicit.
1064 2217 1117 2310 En
1133 2216 1253 2304 quibus
1270 2217 1380 2283 causis

254 2342 354 2386 unam
384 2322 490 2388 solam
521 2322 716 2408 genuinam·
733 2322 838 2388 fuisse
867 2324 1028 2409 apparet,
1061 2321 1205 2388 alteram
1226 2321 1381 2389 additam

255 2449 337 2494 esse.
372 2427 419 2493 Et
435 2427 524 2513 quod
540 2429 647 2494 verba
662 2425 806 2494 Simonis
831 2428 912 2492 1241
926 2449 967 2493 ss.
993 2449 1034 2494 ex
1050 2427 1234 2514 exemplari
1247 2426 1380 2493 Graeco

255 2531 433 2618 desumpta
470 2537 589 2623 aperte
628 2532 812 2616 ostendunt
847 2531 1015 2598 Simonem
1053 2553 1151 2598 servo
1189 2532 1224 2597 in
1261 2531 1381 2600 fabula

256 2635 389 2703 Graeca
421 2635 513 2702 ultro
547 2659 588 2702 ex
619 2636 757 2702 aedibus
783 2637 915 2703 obviam
945 2639 1022 2718 isse,
1057 2637 1204 2704 alteram
1234 2658 1378 2718 causam,

255 2762 354 2826 quam
370 2739 556 2807 Pseudolus
579 2740 694 2820 adicit,
719 2764 754 2808 se
770 2741 940 2808 dominum
963 2742 1004 2807 de
1020 2741 1159 2807 foedere
1174 2741 1380 2808 muniturum

255 2866 335 2924 esse,
361 2866 382 2910 a
405 2844 528 2911 Plauto
552 2845 812 2932 proficisciLeo
835 2850 928 2913 reete
952 2849 1053 2932 putat
1077 2845 1176 2932 (Abh.
1193 2845 1225 2911 d.
1244 2845 1320 2913 Ges.
1346 2845 1378 2913 d.

255 2949 369 3030 Wiss,
393 2948 572 3037 phil-hist.
595 2949 653 3015 Kl.
679 2951 707 3032 1,
732 2952 762 3031 7,
786 2951 825 3016 41
852 2950 989 3036 adnot).

343 3247 405 3327 Ea,
429 3269 515 3334 quae
539 3269 580 3313 ex
595 3245 826 3334 Aristophane
850 3249 885 3313 in
908 3271 1029 3314 novam
1050 3247 1250 3313 comoediam
1275 3247 1380 3312 fluxe·

256 3354 347 3431 runt,
372 3353 460 3438 quod
484 3352 527 3417 ad
550 3374 667 3420 causas
692 3353 837 3419 adeundi
860 3353 1019 3432 attineat,
1047 3375 1110 3439 pro
1133 3351 1306 3438 Euripidis
1329 3351 1380 3416 in·

255 3456 368 3523 ventis
391 3478 413 3524 a
435 3457 567 3524 comicis
591 3459 734 3544 receptis
766 3479 935 3545 perpauca
966 3461 1060 3539 sunt;
1096 3457 1215 3543 quibus
1249 3477 1380 3542 compa-

255 3562 341 3628 ratis
373 3561 499 3650 optime
532 3561 751 3642 illustratur,
786 3564 914 3649 quanta
948 3562 1037 3648 apud
1072 3565 1191 3648 poetas
1223 3564 1380 3648 posteros

255 3668 362 3733 fuerit
394 3667 600 3733 auctoritate
632 3666 797 3752 tragicus,
833 3667 891 3754 qui
920 3667 1022 3734 etiam
1052 3667 1088 3733 in
1116 3669 1215 3733 rebus
1238 3666 1379 3733 minutis

255 3772 298 3839 ad
322 3771 466 3838 formam
488 3793 595 3836 novae
619 3770 809 3838 comoediae
832 3772 975 3839 multum
999 3772 1155 3838 valuerit.
1193 3771 1381 3859 Postquam

256 3878 323 3942 iam
346 3876 485 3962 Agatho
507 3875 671 3963 tragicus
704 3877 762 3962 qui
785 3899 891 3964 prope
920 3877 991 3943 eius
1021 3876 1088 3942 fuit
1111 3876 1270 3963 aequalis,
1304 3898 1380 3942 eum

255 3981 410 4047 imitatus
435 3985 496 4063 est,
528 3982 635 4068 magis
669 3981 842 4068 magisque
865 3986 987 4069 poetae
1016 3982 1158 4050 scaenici
1180 3977 1312 4048 fabulas
1335 3979 1382 4046 ad

256 4085 511 4172 tragoediarum
535 4085 795 4174 Euripidearum
819 4087 973 4173 exempla
1001 4086 1203 4153 formabant.
1248 4087 1301 4152 Ex
1323 4108 1379 4174 ra-

256 4191 405 4258 tionibus
439 4194 474 4256 et
506 4191 632 4273 causis,
669 4213 753 4277 quae
786 4192 874 4278 apud
907 4189 1046 4257 comicos
1077 4213 1176 4278 saepe
1205 4191 1378 4277 leguntur,

256 4299 349 4362 certe
372 4297 512 4362 inventa
528 4296 701 4383 Euripidis
721 4300 801 4362 sunt
817 4295 931 4362 aditus
949 4317 1168 4383 personarum
1186 4299 1246 4362 aut
1263 4295 1380 4362 dolore

256 4405 317 4467 aut
339 4401 489 4488 inquiete
512 4400 614 4465 animi
643 4404 704 4466 aut
727 4400 995 4467 consideratione
1017 4401 1053 4465 in
1078 4421 1232 4467 scaenam
1255 4399 1395 4472 adduc,
