3098 5204
618 465 719 550 ιοΙ

289 621 412 704 τοιαῦιά
434 665 487 704 τοο
511 641 663 724 παρόντος,
687 633 766 724 ἡνίχ’
791 640 869 725 alta
939 630 940 633 ¹

290 745 418 810 detrusos
440 743 557 830 τοῦναρ,
582 744 685 808 ἔκλυον
705 745 917 830 ἐξηγουμένου.

77 849 137 915 Ad
166 849 254 918 hunc
282 849 391 917 locum
420 849 548 920 scholia
570 849 805 916 Laurentiana'
834 849 1016 916 adnotant:
1055 851 1114 920 τοῖς
1145 847 1201 933 γὰρ

78 957 217 1026 παλαιοῖς
234 953 304 1028 ἔθος
320 957 355 1039 ἦν
380 958 598 1040 ἀποτροπιοι
610 955 799 1038 ζομένοιυς
822 957 864 1040 τῷ
884 955 961 1040 ἡλίῳ
979 954 1150 1038 διηγεῖσθαι
1165 951 1202 1018 τὰ

79 1059 227 1145 ὀνείρατα.
260 1059 451 1127 'Kaibelius
483 1081 539 1127 eos
562 1077 680 1126 versus
705 1057 863 1126 Electrae
893 1059 929 1124 in
958 1059 1046 1147 huno
1068 1059 1202 1125 modum

79 1163 230 1252 explicat
245 1189 277 1253 p.
292 1165 371 1230 137:
398 1164 487 1248 „Dus
506 1167 597 1236 δεῖξαι
613 1162 731 1251 <wird>
744 1163 841 1230 nicht
854 1163 906 1230 als
923 1164 1199 1252 apotropdisches

80 1269 193 1336 Gebet
216 1279 259 1336 zu'
280 1259 395 1336 iassen
418 1269 499 1352 sein,
524 1268 670 1336 sondern
693 1257 756 1336 wie
780 1268 834 1335 bei
848 1267 946 1334 Pind.
969 1269 1012 1335 ir.
1028 1269 1071 1334 42
1094 1268 1200 1354 ng.:

79 1377 181 1438 καλῶν
214 1374 267 1458 μὲν
299 1377 339 1438 ὧν
374 1375 477 1459 μοῖράν
507 1399 538 1440 τε
572 1381 702 1460 τερπνῶν
725 1375 763 1448 Ιἐς
796 1363 884 1458 μέσον
915 1372 977 1459 χρὴ
1008 1379 1094 1440 παντὶ
1125 1375 1202 1438 iude

81 1481 238 1546 δεικνύναι.
282 1480 334 1547 At
357 1479 443 1546 enim
466 1479 577 1546 virum
600 1479 735 1570 doctum
760 1500 828 1545 non
850 1471 946 1544 recte
966 1477 1114 1548 iudicare
1136 1478 1203 1546 loci

80 1584 275 1672 Euripidei‚
303 1607 450 1672 ¹quorum
483 1607 584 1660 unum
613 1587 766 1667 tantum,
802 1583 876 1670 Iph.
899 1582 1001 1650 Taur.
1036 1607 1067 1650 ν.
1091 1583 1200 1668 42143,

82 1689 236 1777 respexit
258 1693 293 1756 et
324 1687 455 1772 attulit,
490 1711 564 1756 mea
594 1688 726 1775 quidem
757 1689 929 1755 sententia
957 1688 1223 1778 demonstrant,'

82 1798 212 1860 utnon
233 1794 424 1876 habeamus,
457 1817 516 1860 our
538 1793 717 1860 reiciamus
741 1792 902 1860 scholium
924 1791 1198 1860 Laurentianum.
1269 1803 1270 1806 ’
1330 1813 1333 1820 ‘

83 1897 270 1967 Praeterea
307 1898 393 1967 hanc
436 1899 695 1986 explicationem
740 1897 924 1965 scholiasta
957 1920 1024 1964 non
1062 1921 1103 1964 ex
1140 1897 1203 1964 hoc

81 2003 156 2070 loco
174 2002 357 2092 Sophocleo
375 2003 506 2085 ducere,
526 2002 585 2092 sed
599 2025 717 2070 verum
731 2024 858 2069 morem
871 2002 1006 2068 referre
1021 2002 1158 2070 videtur
1168 2002 1201 2087 ¹).

170 2109 295 2196 ltaque¹
326 2108 436 2195 quivis
471 2111 581 2194 poeta.
607 2129 679 2174 eam
716 2128 851 2174 oausam
884 2105 1044 2173 adhibere
1077 2107 1201 2194 potuit,

82 2235 191 2300 neque
223 2213 297 2299 quis
329 2235 369 2282 ea
399 2212 525 2300 primus
546 2223 634 2279 'usus
665 2213 711 2278 sit
744 2211 818 2277 erui
847 2199 972 2298 potest.
1018 2211 1110 2298 Ergo
1133 2213 1204 2278 noli

82 2317 288 2385 contendere
311 2318 485 2404 Diphilum
516 2315 841 2412 morcmREuripidis
873 2315 930 2383 vel
961 2315 1047 2382 alius
1078 2315 1204 2402 tragici

82 2423 255 2490 imitatum
278 2445 361 2506 esse,
390 2422 505 2510 quiin
527 2412 615 2488 Rud.
639 2445 672 2489 v.
694 2421 757 2488 593
781 2421 986 2487 Daemonem
1008 2423 1204 2487 narrantem

84 2527 166 2614 quid
188 2527 410 2594 somniaverit
432 2526 572 2594 inducit.
913 2599 915 2604 ,

172 2631 247 2698 Iam
276 2635 387 2700 restat
405 2629 501 2698 'unus
535 2630 628 2697 locus
651 2628 875 2716 AeschyleuS,
912 2629 970 2717 qui
1001 2628 1203 2696 sententiam
1262 2640 1267 2649 ’

83 2759 185 2824 quam
218 2759 320 2825 supra
348 2736 510 2823 proposui
532 2735 728 2802 dissuadere
751 2733 867 2820 possit.
913 2733 1091 2800 Reischius
1116 2733 1204 2799 enim

83 2843 121 2908 in
149 2841 238 2909 libro
269 2841 310 2908 de
340 2842 474 2909 theatro
499 2837 629 2911 Graeco
661 2861 728 2906 una
758 2862 831 2906 oum
860 2837 1095 2925 Doerpfeldipv
1112 2837 1203 2906 edito

84 2947 130 3034 (p.
155 2947 326 3033 240)1000
351 2947 470 3032 Agam.
495 2969 527 3012 v.
553 2945 637 3010 1372
661 2943 948 3030 Clytaemestram
971 2944 1098 3010 affectu
1119 2964 1205 3009 com-

84 3057 212 3118 motam
226 3051 407 3138 procedere
424 3050 584 3137 opinatur
607 3048 712 3136 („voll
726 3049 899 3135 trotziger
913 3046 1203 3134 Befriedigung“)‚

85 3157 146 3223 sed
168 3157 220 3224 ita
234 3156 308 3223 ideo
325 3177 461 3223 censere
476 3154 559 3222 mihi
572 3153 718 3236 videtur,
743 3153 833 3242 quod
848 3153 911 3218 hoc
928 3151 1002 3218 loco
1016 3145 1206 3237 eocyclema

85 3265 129 3328 ab
153 3260 325 3346 Aeschylo
348 3260 536 3346 adhibitum
560 3281 632 3327 esse
662 3280 728 3325 non
751 3243 913 3325 concedit.
958 3257 1009 3322 At
1032 3279 1105 3322 cum
1127 3260 1206 3344 post

84 3366 233 3434 Roberti
249 3365 376 3452 (Herm.
395 3365 446 3447 32,
470 3388 502 3453 p..
518 3364 584 3430 434
592 3363 649 3450 ss.)
669 3361 931 3450 disputationem
947 3360 1018 3426 eius
1034 3361 1206 3446 sententia

85 3494 139 3538 me
160 3471 270 3539 iudice
292 3494 360 3537 non
383 3469 518 3536 defendi
539 3469 659 3556 possit,
693 3467 748 3534 hic
779 3467 873 3534 locus
896 3487 963 3532 non
984 3465 1052 3532 iam
1074 3466 1109 3530 in
1132 3487 1206 3532 cen-

87 3599 160 3644 sum
184 3575 288 3642 venit.

181 3791 206 3856 1)
225 3786 266 3841 ef.
287 3787 359 3840 Kurt
377 3785 565 3850 Wachsmuth,
586 3783 643 3840 Das
662 3783 718 3836 alte
737 3780 939 3836 Griechenland
958 3782 994 3834 im
1014 3797 1109 3847 neuen,
1129 3782 1208 3836 Bonn

89 3879 167 3946 1864,
193 3896 219 3948 p.
240 3881 289 3932 52:
322 3876 416 3946 „Auch
440 3880 517 3929 sonat
543 3871 604 3930 sind
623 3872 760 3940 derartige
779 3872 885 3939 Spuren
904 3870 977 3924 alten
997 3871 1207 3926 Naturdienstes

88 3969 165 4024 nicht
184 3968 252 4022 eben
272 3967 366 4022 selten.
405 3961 607 4018 Einleuohtend
634 3962 670 4016 ist
698 3959 789 4014 dasz.
809 3961 840 4014 B.
870 3959 913 4012 bei
939 3958 988 4012 dor
1006 3959 1076 4013 Sitte
1096 3959 1209 4030 (welche

89 4057 208 4124 Curtius,
228 4057 284 4110 Zur
303 4054 466 4110 Geschichte
484 4053 532 4108 des
551 4051 723 4120 Wegebaues
743 4049 786 4102 bei
805 4048 857 4103 den
876 4048 1020 4114 Griechem
1040 4045 1066 4100 S.
1086 4051 1129 4115 86,
1147 4049 1209 4104 her·

88 4147 226 4214 rorhsbt),
250 4144 306 4216 dass¹
323 4145 443 4199 schwere
461 4143 579 4197 Trtuma
598 4139 646 4194 der
666 4137 855 4218 ausgehsnden
874 4138 964 4191 Sonos
981 4137 1133 4204 zugekehrt
1151 4137 1210 4190 laut

88 4235 310 4304 ausgesprocheu
335 4232 452 4298 werden,
481 4247 525 4284 um
553 4247 583 4286 so
609 4229 657 4284 der
677 4229 745 4282 Last
769 4228 810 4281 los
839 4243 874 4280 zu
893 4225 1009 4290 werden,
1039 4225 1139 4294 gorade
1158 4228 1208 4280 wie

88 4327 294 4396 Klytaemestra
320 4324 372 4376 mit>
396 4322 584 4390 getngstigter
603 4317 681 4374 Seele
707 4318 768 4371 ihre
793 4316 911 4370 Trtume
938 4331 987 4368 vor
1014 4313 1066 4368 den
1090 4315 1208 4384 Apollon

87 4414 210 4485 Agyieus
229 4413 344 4482 bringt.“
