3098 5204
542 847 695 916 CAPUT
718 849 766 914 ΙΙ.

93 1021 156 1094 De
178 1023 285 1106 locis,
310 1022 456 1113 quibus
480 1023 584 1094 duae
605 1042 804 1112 personae
825 1024 943 1094 simul
964 1024 1007 1096 in
1030 1043 1218 1096 scaenam

366 1127 666 1223 ,mpediunrua
692 1129 927 1218 disputatur.

184 1303 260 1372 Viri
292 1304 382 1372 docti
414 1308 522 1372 artem
552 1304 729 1393 Sophoclis
761 1328 835 1372 cum
867 1327 992 1392 genere
1024 1305 1215 1392 attingendi,

94 1409 185 1498 quod
208 1409 244 1474 in
267 1410 400 1496 ectypis
416 1409 643 1477 Parthenonis
662 1412 888 1490 observamus,
913 1410 1023 1477 facete
1045 1431 1217 1498 eompara-

94 1521 228 1581 veruut.
267 1515 373 1598 Quem
395 1513 511 1582 ludum
534 1515 563 1582 si
585 1515 743 1602 persequi
767 1514 920 1596 velimus,
944 1515 1055 1581 nescio
1078 1537 1122 1581 an
1144 1538 1218 1581 cum

94 1619 308 1706 imaginibus,
344 1641 430 1706 quae
461 1624 540 1686 sunt
573 1620 609 1686 in
640 1642 734 1686 muro
766 1643 831 1708 quo
855 1620 1018 1708 templum
1041 1619 1217 1687 Victoriae

93 1724 339 1791 circumdatum
362 1728 423 1806 est,
458 1725 703 1814 componendus
737 1725 784 1790 sit
805 1724 994 1812 Euripides,
1028 1725 1121 1792 euius
1145 1728 1217 1793 tra-

93 1829 216 1914 goedia
239 1832 292 1896 est
315 1828 417 1917 plena
445 1833 555 1896 motus
588 1833 624 1896 et
658 1829 809 1896 actionis.
856 1829 940 1898 Eam
964 1829 1216 1897 similitudinem

94 1936 131 2001 in
154 1934 287 2001 actione
307 1934 459 2001 scaenica
474 1934 668 2002 fabularum
684 1935 934 2022 spectatoribus
950 1934 1216 2002 Atheniensibus

95 2039 199 2106 etiam
226 2039 492 2108 manifestiorem
514 2040 620 2106 fuisse
647 2043 730 2127 puto
758 2061 858 2125 quam
888 2039 984 2106 nohis
1014 2039 1216 2125 legentibus,

93 2144 147 2211 At
179 2146 292 2210 tamen
323 2166 383 2210 nos
407 2166 538 2232 quoque
570 2144 817 2224 observatione,
851 2165 948 2231 quam
981 2143 1096 2211 vivida
1127 2145 1218 2211 actio

95 2249 212 2329 fuerit,
236 2248 473 2335 cognoscimus,
497 2248 586 2336 quod
608 2250 812 2334 praesertim
836 2247 941 2315 exiis
964 2248 1047 2314 locis
1063 2253 1215 2337 apparet,

95 2353 216 2441 quihus
240 2353 323 2420 duas
346 2375 505 2440 personas
529 2358 631 2441 poeta
655 2354 755 2419 simul
777 2354 813 2419 in
836 2374 990 2420 scaenam
1012 2352 1217 2442 prodeuntes
1257 2433 1263 2442 ἰ

94 2441 237 2526 inducit

184 2585 214 2630 a.
247 2565 344 2631 Duae
367 2585 531 2650 personae
554 2585 592 2629 eo
616 2562 712 2630 modo
744 2564 779 2629 in
811 2585 963 2630 scaenam
986 2563 1118 2629 intrare
1141 2585 1217 2650 pos-

96 2673 186 2751 sunt,
221 2672 262 2734 ut
293 2669 405 2737 altera
436 2691 581 2756 persona
614 2669 823 2756 propositum
846 2665 983 2754 aliquod
1014 2677 1217 2754 exsequatur

95 2773 152 2842 vel
175 2773 297 2861 fugiat,
329 2773 443 2840 altera
465 2774 608 2840 alteram
631 2773 795 2860 impedire
817 2771 914 2855 velit,
944 2775 986 2838 n'e
1008 2771 1218 2860 propositum

95 2879 261 2963 conficiat,
286 2878 342 2946 vel
366 2879 513 2946 alteram
535 2901 710 2967 personam
726 2880 965 2967 persequatur,
991 2899 1076 2964 quae
1099 2898 1217 2943 causae
1321 2867 1324 2873 ¹

95 2983 242 3052 adeundi
266 2983 444 3050 dissimiles
468 2990 563 3067 sunt;
597 2985 686 3050 actio
720 2983 879 3064 scaenica,
912 3004 985 3048 cum
1008 2982 1120 3048 altera
1141 3005 1217 3067 per-

96 3111 180 3157 sona
203 3089 349 3156 alteram
372 3092 603 3176 subsequatur,
629 3086 743 3154 eadem
767 3091 830 3154 est.
923 3106 926 3110 ·

184 3195 331 3260 Primum
364 3194 435 3260 eius
467 3193 612 3259 rationis
646 3193 681 3258 in
714 3191 851 3278 Hippol.
884 3215 916 3258 v.
949 3191 1011 3257 601
1044 3189 1217 3256 invenitur

96 3299 294 3387 exemplum.
342 3297 552 3385 Hippolytus
576 3296 760 3382 elementia,
784 3293 864 3382 quid
887 3287 1067 3377 audiverit,
1099 3316 1217 3361 narra-

94 3409 194 3472 turus
219 3405 305 3488 exit,
329 3403 447 3469 nutrix
469 3400 646 3469 Phaedrae
670 3387 744 3468 eum
767 3399 984 3487 subsequitur
1013 3402 1049 3465 et
1075 3401 1218 3486 apparet

96 3532 170 3578 eam
193 3531 213 3574 a
236 3510 357 3577 iuvene
379 3509 564 3596 impetrare
580 3505 679 3588 velle,
704 3508 742 3571 ut
764 3507 888 3572 taceat.
933 3503 1060 3569 Eadem
1083 3500 1217 3570 ratione

95 3613 383 3681 Wilamowitzius
416 3612 502 3678 hunc
536 3611 646 3678 lecum
683 3608 867 3696 intellegit,
911 3609 1005 3674 onius
1040 3606 1216 3673 adnotatio

135 3861 226 3929 „Male
244 3861 395 3928 morigerus
415 3860 512 3912 miest
531 3857 648 3926 danista,
669 3858 716 3924 qui
735 3874 752 3911 a
771 3872 812 3910 me
831 3861 975 3923 argentum
994 3871 1048 3908 non
1067 3854 1138 3920 petit

133 3966 222 4018 neque
240 3951 316 4002 illam
335 3947 454 4017 adducit,
475 3965 545 4016 quae
564 3947 688 4021 (empta)
708 3964 741 4002 ex
761 3945 899 4015 praedast.
924 3943 986 3999 sed
1005 3960 1096 3998 eccum
1116 3942 1218 3997 incedit

1023 4030 1180 4100 Epidicus.“

84 4130 186 4184 'artius
206 4129 353 4182 cohaerere
372 4126 505 4182 videntur.
544 4126 639 4194 Neque
666 4126 737 4180 enim
756 4140 875 4193 persona
893 4128 1060 4192 exspectata,
1089 4119 1138 4175 sed
1163 4121 1219 4175 alia
1292 4159 1295 4166 .

97 4233 252 4287 apersona
279 4233 390 4285 egressa
417 4217 584 4284 conspicitur
611 4217 639 4269 in
659 4231 766 4270 scaena.
804 4214 896 4268 Etiam
915 4214 943 4266 in
962 4212 1145 4267 Menaechmis
1164 4227 1218 4264 mu-

97 4315 179 4363 trona
205 4323 258 4361 non
286 4307 421 4372 maritum,
450 4321 527 4372 quem
554 4321 584 4359 se
608 4304 701 4358 videre
727 4304 864 4372 opinatur,
894 4301 943 4357 sed
961 4300 1074 4354 fratrem
1095 4299 1226 4367 coniugis,

98 4397 239 4465 conspicit.

125 4505 216 4548 Herma·
992 4482 1007 4532 3
