3098 5204
650 447 693 512 27

196 645 222 688 c.
246 621 324 688 Non
345 622 453 688 minus
476 644 575 709 quam
598 622 748 710 inquiete
771 622 875 688 animi
897 622 1107 710 depingenda
1130 621 1231 689 Euri·

107 725 204 814 pides
226 726 384 794 subtilem
414 727 517 793 animi
548 726 685 792 humani
705 727 865 795 notitiam
887 730 1087 816 praestabat
1116 749 1157 794 ea
1185 749 1231 812 re,

109 830 199 918 quod
227 831 387 915 homines,
426 831 484 919 qui
514 835 591 900 tota
622 836 734 900 mente
763 832 893 920 aliquid
925 854 1035 900 secum
1059 836 1232 920 reputant,

108 939 276 1002 secretum
298 936 408 1004 locum
430 940 547 1024 petere
570 937 783 1004 observabat.

163 1095 165 1100 .
196 1041 248 1107 Ea
270 1063 372 1109 causa
393 1040 600 1130 Belleropho
622 1041 657 1107 in
674 1041 905 1110 Stheneboeae
927 1043 1070 1131 prologo
1081 1043 1104 1125 ¹)
1128 1041 1232 1110 addu-

107 1145 208 1226 citur,
242 1149 283 1212 ut
316 1145 479 1234 procedat
512 1147 568 1232 (of.
592 1145 672 1229 Leo,
696 1145 865 1234 Monclog.
897 1169 928 1234 p.
954 1148 1018 1233 20).
1074 1147 1126 1213 De
1157 1147 1234 1214 vita

106 1249 254 1317 humana
283 1251 318 1316 in
347 1273 472 1337 genere
492 1249 678 1318 meditatus
701 1251 892 1338 generalem
925 1274 1025 1340 quam
1048 1251 1136 1319 dixit
1159 1273 1232 1318 sen-

107 1356 255 1424 tentiam
277 1357 321 1423 ad
342 1356 461 1424 Proeti
483 1356 627 1445 hospitis
651 1356 878 1424 condicionem
901 1356 1040 1423 adhibet
1050 1355 1084 1442 ²).

199 1460 331 1528 Similes
357 1459 660 1547 contemplationes
683 1462 944 1549 pronuntiantes
967 1461 1003 1526 in
1026 1459 1231 1527 Philemonis

108 1565 234 1633 fabulis
256 1587 421 1652 personae
444 1549 585 1632 exeunt:

196 1670 238 1736 In
259 1669 360 1737 Most.
385 1693 415 1736 v.
438 1669 482 1736 84
510 1668 723 1737 Philolaches
754 1669 1017 1756 cogitationibus
1040 1669 1175 1736 deditus
1197 1669 1233 1736 in

69 1839 73 1844 .
108 1795 263 1842 scaenam
286 1795 425 1842 vacuam
442 1773 636 1862 egreditur;
660 1774 854 1860 generalem
876 1773 918 1840 de
940 1773 1119 1861 disciplina
1142 1773 1232 1840 aedi·

107 1880 185 1947 ficio
217 1879 444 1966 comparanda
476 1879 680 1946 sententiam
715 1879 760 1966 (v.
784 1881 827 1945 84
837 1879 892 1965 ss.)
927 1902 988 1946 sua
1021 1879 1126 1967 ipsius
1159 1879 1233 1946 vita

108 1984 267 2053 illustrat
290 1983 334 2070 (v.
361 1983 534 2070 132ss.)³).
572 1984 700 2051 Eodem
723 1985 794 2050 fere
817 1984 913 2050 modo
932 1983 1102 2070 Lysitelis
1126 1983 1232 2050 canti·

107 2112 185 2156 cum
207 2089 300 2154 Trin.
324 2089 388 2154 223
411 2088 631 2176 compositum
655 2092 717 2156 est.

198 2194 281 2260 Cum
299 2193 347 2285 *hi
379 2193 444 2260 duo
475 2193 542 2258 loci
574 2193 643 2260 sint
665 2192 850 2273 monodiae,
885 2193 921 2257 in
943 2192 1064 2280 quibus
1086 2191 1232 2259 Plautus

109 2319 211 2384 saepe
234 2321 329 2364 suum
351 2297 522 2384 ingenium
544 2319 702 2384 suamque
727 2296 915 2363 sollertiam
939 2296 1099 2376 exercuit,
1134 2317 1232 2383 quae-

108 2402 251 2469 rendum
274 2406 336 2485 est,
360 2426 439 2468 num
461 2402 513 2468 his
536 2403 618 2493 locis
633 2401 785 2468 Philemo
807 2402 903 2467 nobis
924 2400 1153 2488 agnoscendus
1176 2400 1232 2468 sit.

108 2508 162 2574 At
180 2529 376 2574 scaenarum
399 2529 528 2574 conexu
551 2507 745 2574 ostenditur
767 2506 869 2573 etiam
892 2507 928 2571 in
951 2505 1075 2572 fabulis
1092 2505 1232 2574 Graecis

109 2612 163 2678 his
195 2612 278 2680 locis
309 2612 447 2690 iuvenes
478 2651 520 2662 -
550 2611 709 2678 nimirum
741 2607 809 2677 non
839 2610 964 2677 tacitos
994 2649 1037 2661 —-
1067 2610 1231 2697 prodisse.

110 2715 261 2798 Quorum
284 2715 463 2805 soliloquia
483 2717 627 2783 Plautus
652 2738 725 2782 cum
747 2716 783 2780 in
805 2714 977 2782 monodias
1000 2718 1231 2798 commutaret,

109 2821 155 2888 ad
178 2843 260 2908 quas
282 2821 370 2888 tales
394 2819 655 2888 deliberationes
679 2821 821 2886 maxime
844 2820 983 2887 idoneas
1012 2842 1084 2886 esse
1114 2823 1150 2887 st
1172 2842 1234 2907 per

109 2948 146 2992 se
161 2927 259 3012 patet
281 2929 316 2992 et
332 2925 433 2991 simili
454 2925 529 2993 loco
545 2924 714 3013 Amphitr.
740 2924 831 2992 infra
845 2924 953 2991 allato
969 2923 1231 3007 demonstratur,

109 3052 172 3117 pro
195 3029 435 3096 consuetudine
459 3029 556 3096 auxit
580 3032 615 3096 et
637 3029 859 3116 amplificavit
870 3029 906 3114 4).

110 3164 114 3172 ¹
199 3135 295 3201 Hanc
318 3155 450 3201 causam
472 3134 656 3202 Menander
686 3156 751 3199 uno
784 3135 875 3215 loeo,
909 3135 950 3201 de
981 3157 1045 3221 quo
1079 3134 1232 3200 nonnulli

109 3239 181 3306 viri
202 3239 294 3306 docti
317 3240 560 3322 disseruerunt,
585 3240 649 3305 sibi
672 3239 888 3326 adoptavisse
911 3240 1059 3306 videtur.
1102 3239 1144 3304 In
1166 3238 1231 3306 Ad.

111 3343 201 3410 enim
235 3369 266 3410 v.
297 3345 361 3410 855
396 3344 521 3409 Demea
553 3365 707 3429 egressus
740 3365 847 3431 aeque
881 3347 984 3431 atque
1017 3366 1181 3432 personae
1213 3358 1233 3409 a

110 3447 307 3515 Philemone
337 3447 496 3515 inductae
530 3450 635 3535 primo
671 3449 874 3515 sententiam
907 3449 949 3514 de
983 3449 1056 3515 vita
1088 3448 1233 3515 humana

113 3552 305 3640 generalem
329 3553 421 3634 dicit,
455 3552 575 3619 deinde
598 3575 672 3619 eam
694 3553 844 3620 ostendit
877 3553 920 3619 ad
944 3575 980 3620 se
1002 3576 1134 3640 quoque
1156 3575 1233 3642 per-

204 3767 230 3834 1)
251 3766 302 3832 Qui
320 3765 347 3818 in
368 3765 547 3830 Muslihen.
566 3765 618 3819 vol.
639 3769 672 3819 63
692 3782 754 3834 pag.
777 3769 826 3818 147
846 3765 920 3835 typis
940 3781 1086 3834 expressus
1106 3772 1156 3819 est.

201 3855 230 3923 2)
250 3853 331 3910 Tales
344 3853 536 3908 meditationes
550 3854 632 3908 etiam
645 3854 673 3907 in
685 3853 894 3908 Heraclidarum
907 3863 935 3908 et
947 3854 1118 3908 Philoctetae
1137 3855 1232 3924 Eurip.

110 3944 235 4012 prologis
254 3950 372 4010 exstant,
392 3943 440 3999 sed
459 3960 513 3998 non
533 3950 716 3998 suntcausae
734 3943 895 4013 prodeundi.

203 4031 232 4101 3)
251 4033 326 4086 Haec
339 4032 483 4101 dispositio
497 4033 580 4086 etiam
592 4033 653 4088 aliis
666 4033 742 4097 loeis,
762 4033 861 4100 quibus
873 4049 1009 4101 personae
1028 4033 1084 4088 alia
1102 4031 1136 4087 de
1150 4049 1233 4088 causa

69 4181 72 4192 ¹
110 4136 276 4191 progressae
294 4123 322 4175 in
341 4137 442 4176 scaena
459 4121 634 4188 meditantur,
654 4138 788 4190 persaepe
807 4122 952 4175 invenitur.
990 4121 1033 4177 ef.
1052 4123 1118 4189 Leo,
1139 4124 1234 4178 Mono-

110 4211 176 4279 log„
195 4228 221 4279 p.
242 4214 355 4265 75-78.
764 4241 769 4260 .

112 4328 125 4344 ·
203 4302 232 4368 4)
250 4297 413 4355 Ac'curatius
426 4300 460 4354 de
476 4300 519 4353 his
532 4300 599 4354 loeis
612 4299 763 4368 disputavit
776 4301 841 4367 Leo,
861 4300 924 4353 hist.
938 4300 1041 4354 literar.
1061 4316 1123 4369 pag.
1139 4305 1187 4354 111
1198 4317 1233 4354 ss.

110 4393 141 4441 et
163 4392 212 4442 116
223 4404 246 4442 S.
