3098 5204
591 428 831 504 ’49,

1 632 25 670 τι
124 609 281 692 accurrit,
313 610 371 696 qni
392 609 428 675 in
450 608 632 676 tonstrinis
656 607 697 674 de
721 607 895 694 Chrcmyli
918 606 1049 674 divitiis
1081 629 1248 675 rumorem
1311 604 1328 624 ⁵

125 715 265 800 accepit.
311 713 409 781 Hune
432 736 514 781 vero
537 715 648 780 locum
677 736 744 778 non
774 713 1006 801 demonstrare
1029 711 1249 778 Menandrum
1279 747 1280 750 ¹

1 823 17 883 i:
126 823 161 885 et
184 818 412 886 Philemonem
437 819 641 885 comoediam
671 821 821 884 veterem
851 819 985 886 secutos
1009 840 1172 883 essenon
1196 819 1249 882 est

125 923 215 1010 quod
230 923 354 1008 dicam3
379 923 545 1009 numquis
560 923 700 1009 ignorat
717 921 980 1014 Aristophanem
1002 921 1038 986 in
1052 921 1115 988 hac
1130 921 1249 988 fabula

1 1031 20 1091 i.
125 1032 234 1094 artem
250 1027 468 1115 Euripideam
483 1027 654 1094 imitatum
670 1025 766 1092 esse?
811 1025 904 1111 Ergo
928 1025 1032 1092 etiam
1053 1025 1116 1104 hac
1138 1047 1248 1108 causa,

13 1159 22 1198 e·
124 1153 211 1219 quae
233 1133 269 1198 in
291 1133 365 1198 vita
388 1132 523 1212 centies,
553 1131 588 1196 in
611 1131 801 1198 coemoedia
822 1127 1076 1216 Aristophanea
1096 1129 1159 1196 hoc
1181 1151 1248 1195 uno

1 1267 22 1304 It
122 1238 198 1304 loco
221 1237 404 1318 invenitur,
428 1237 481 1303 uti
503 1237 620 1312 comici
643 1257 664 1301 a
686 1235 818 1322 tragico
842 1234 999 1302 didicisse
1022 1239 1172 1323 possunt.

160 1414 164 1421 ,
212 1342 307 1424 Unus
330 1341 438 1429 igitur
461 1343 573 1407 restat
595 1340 688 1410 locus
712 1340 792 1407 Oed.
815 1363 898 1427 reg·²
923 1341 981 1428 qui
1004 1340 1085 1427 quin
1107 1340 1249 1406 comicos

125 1450 260 1525 secutos
285 1468 356 1530 esse
380 1445 575 1532 Euripidem
605 1467 776 1532 ponamus,
810 1445 973 1533 impedire
1003 1445 1151 1513 videtur.
1197 1445 1249 1510 At

1 1585 18 1623 J<
127 1552 217 1638 quod
241 1554 278 1618 et
309 1551 344 1616 in
367 1549 541 1638 Euripidis
575 1550 767 1618 fabularum
799 1554 838 1628 et·
866 1551 901 1615 in
933 1549 1147 1618 Cistellariae
1172 1547 1248 1614 Tri·
1281 1551 1282 1556 ’
1353 1563 1358 1580 '
1467 1614 1476 1634 ‚

1 1689 18 1728 ιν·
56 1729 57 1732 ,
124 1656 314 1743 nummique
338 1659 490 1722 extrema
512 1659 611 1741 parte
641 1655 722 1722 illae
751 1677 916 1740 personae
939 1655 974 1720 in
998 1677 1151 1721 scaenam
1173 1677 1248 1741 pro·

2 1809 18 1835 ,
124 1762 240 1842 deant,
263 1760 299 1825 in
323 1759 497 1846 Sophoclis
528 1763 642 1827 autem
665 1758 801 1828 fabulae
824 1760 934 1826 media
957 1763 1057 1846 parte
1081 1758 1166 1825 Creo
1190 1759 1249 1824 ad-

108 1865 232 1947 ¹volat,
264 1865 423 1948 adducor,
446 1867 486 1930 ut
509 1865 651 1930 comicos
681 1865 784 1930 etiam
814 1864 900 1930 hanc
930 1885 1063 1930 causam
1087 1886 1127 1929 ex
1150 1863 1248 1929 Euri·

124 1971 203 2059 pide
223 1971 406 2057 sumpsisse
430 1972 554 2057 putem.

213 2181 244 2245 b.
290 2180 333 2244 In
348 2201 468 2246 scaena
483 2179 545 2261 IV,
560 2182 578 2244 1
595 2179 779 2245 Pseudolus
803 2179 993 2245 revertitur
1009 2181 1044 2244 et
1060 2178 1173 2264 paucis
1199 2177 1248 2242 Si·
1269 2213 1271 2216 ·

3 2327 11 2344 ι,
124 2284 226 2350 miam
249 2287 400 2350 astutum
424 2284 612 2350 adiutorem
628 2305 702 2349 esse
716 2288 847 2364 narrat,
872 2284 992 2369 quibus
1010 2283 1122 2348 verbis
1146 2284 1248 2348 animi

126 2391 359 2475 spectatorum
382 2387 425 2454 ad
449 2387 585 2454 Simiam
615 2391 877 2471 convertuntur3
911 2388 1031 2455 deinde
1054 2389 1248 2454 ,miratur

125 2493 170 2580 (v.
195 2493 282 2579 908),
305 2493 440 2558 ubinam
464 2491 523 2558 ille
546 2491 734 2576 restiterit3
758 2497 926 2579 postremo
950 2493 993 2579 (v.
1011 2493 1087 2578 911)
1102 2492 1248 2585 ¹Simiam

1 2676 4 2681 Ι
124 2598 236 2684 ipsum
265 2596 420 2664 incedere
433 2597 546 2678 uidet,
580 2597 637 2684 qui
660 2620 719 2664 cur
741 2597 873 2663 tardius
896 2597 931 2662 in
955 2619 1108 2664 scaenam
1130 2586 1248 2665 veniat

8 2762 10 2767 .
124 2725 193 2768 non
216 2701 417 2788 explicatur.
464 2702 530 2784 Qui
553 2701 601 2785 fit,
634 2705 673 2768 ut
703 2701 859 2768 hocloco
882 2713 1055 2790 personae,
1090 2725 1176 2790 quae
1198 2703 1248 2766 in-

1 2868 10 2895 9.
125 2806 237 2873 didem
267 2807 303 2872 in
335 2828 490 2873 scaenam
523 2808 675 2889 veniunt,
709 2829 776 2872 non
811 2807 909 2873 simul
943 2806 1152 2895 appareant?
1198 2807 1249 2873 Ea

7 2993 8 2997 Ἰ
126 2911 281 2998 quaestio
317 2911 479 2993 solvetur,
516 2934 589 2976 oum
624 2912 667 2978 ad
702 2912 851 2998 tragicos
886 2913 1138 2979 recurrerimus.
1206 2895 1264 2987 Iri

3 3083 4 3090 χ
128 3016 307 3100 tragoedia
346 3015 433 3081 euim
471 3037 571 3102 saepe
609 3017 766 3098 nuntius,
807 3024 1043 3103 praeterquam
1076 3015 1171 3104 quod
1195 3039 1248 3082 res

1 3156 4 3162 ·
130 3124 230 3186 extra
254 3142 407 3187 scaenam
430 3125 546 3206 gestas
569 3124 699 3202 narrat,
732 3122 954 3208 praenuntiat
975 3145 1039 3202 res,
1064 3144 1149 3209 quae
1172 3145 1249 3188 mcx

127 3226 165 3290 in
188 3233 402 3318 conspectum
426 3224 658 3311 spectatorum
680 3228 846 3291 venturae
871 3231 959 3292 sunt.
1007 3225 1073 3292 Sed
1096 3225 1249 3313 exempla

126 3329 280 3410 doceant,
305 3329 385 3417 quid
408 3329 532 3394 dicam:
1007 3333 1008 3338 ’

213 3433 255 3499 In
276 3433 389 3500 Persis
412 3432 605 3519 Aeschyleo
633 3435 669 3498 in
697 3459 728 3500 u.
753 3433 816 3498 249
848 3435 987 3500 nuntius
1019 3435 1147 3500 cladem
1170 3434 1248 3500 Per-

126 3557 239 3604 sarum
260 3537 408 3620 nuntiat‚
433 3538 607 3606 deindov.
632 3539 749 3604 ucsss.
774 3540 936 3607 Atossam
959 3540 1140 3606 certiorem
1162 3539 1248 3606 facit
1319 3587 1321 3592 -

126 3664 195 3724 eoa,
228 3643 285 3730 qui
308 3643 488 3729 supersint,
522 3643 653 3708 domum
684 3643 856 3710 redituros
879 3667 961 3725 esse,
995 3647 1030 3710 et
1053 3645 1088 3708 in
1111 3644 1177 3713 fine
1200 3644 1248 3709 fa-

125 3745 226 3812 bulae
242 3746 331 3832 (907)
347 3747 479 3828 Xerxes
494 3747 627 3813 domum
650 3748 794 3814 revenit:
839 3745 966 3814 Eodem
988 3749 1086 3814 modo
1108 3748 1248 3814 nuntius

125 3853 163 3916 in
187 3851 324 3938 Septem
347 3850 463 3917 fabula
486 3852 576 3945 (793)
598 3848 695 3919 velut
725 3874 924 3939 praecursor
953 3859 1005 3919 est
1035 3875 1174 3940 pompae
1196 3853 1248 3918 fu-

124 3956 249 4037 nebris,
281 3977 366 4042 quae
388 3979 419 4021 v.
444 3957 507 4022 861
531 3957 566 4022 in
590 3956 900 4023 scaenamincedit.
947 3958 1052 4023 Porro
1076 3957 1165 4044 apud
1189 3958 1248 4024 So-

124 4059 279 4148 phoclem
300 4061 336 4125 in
359 4060 438 4127 Oed.
464 4083 536 4147 reg.
561 4053 592 4128 u.
618 4062 703 4128 1223
727 4061 883 4145 ἐξάγγελος
906 4062 1076 4129 locustam
1104 4065 1249 4128 mortem

125 4165 191 4231 sibi
213 4165 414 4230 conscivisse
431 4170 466 4231 et
483 4164 687 4253 Oedipodem
711 4166 775 4234 sibi
798 4167 911 4233 oculos
935 4167 1093 4235 effodisse
1116 4171 1247 4249 narrat,

125 4269 247 4336 deinde
276 4269 403 4336 animos
434 4270 528 4336 chori
558 4273 593 4337 et
628 4276 858 4358 spectatorum
890 4270 1040 4339 intendit
1062 4273 1113 4338 his
1136 4272 1248 4338 verbis

126 4380 171 4456 (v.
197 4374 353 4460 lasese:
388 4445 390 4451 ,

153 4496 246 4539 Harms·
1024 4487 1041 4534 4
