3098 5204
619 433 661 498 55

165 609 205 676 In
229 608 364 698 Hippol.
389 632 420 676 v.
447 607 530 674 1153
562 606 701 698 nuntius
734 605 900 672 Theseum
931 604 972 671 de
1004 603 1199 672 calamitate
1250 631 1252 634 ¹
1311 555 1313 569 i

77 712 141 780 filii
163 714 339 782 certiorem
362 713 517 780 facturus
540 711 704 794 accurrit3
729 711 855 777 chorus
874 709 1005 777 verbis:
1053 775 1054 782 ,
1091 765 1094 770 .
1153 725 1155 732 ’

339 830 382 898 ὅδ’
407 833 495 906 αὐτὸς
519 835 576 906 ἔξω
601 833 748 918 δωμάτων
772 833 928 918 πορεύεται

78 957 300 1051 praenuntiat
323 980 447 1044 regem,
474 957 567 1022 ouius
591 953 705 1022 aditus
728 978 796 1021 non
818 957 993 1043 probatur.

166 1063 208 1128 In
229 1062 368 1130 Hecuba
390 1083 499 1143 serva,
524 1083 610 1150 quae
624 1064 793 1127 mortuum
810 1059 1020 1146 Polydorum
1042 1060 1077 1127 in
1099 1061 1200 1130 litore

78 1167 219 1249 invenit,
236 1167 280 1254 ad
293 1159 550 1234 tabernaculum
562 1151 721 1232 Hecubae
737 1163 838 1246 redit,
854 1171 895 1230 ut
910 1155 1061 1249 nuntiet,
1078 1165 1200 1234 chorus
1225 1211 1226 1216 κ

78 1273 177 1339 brevi
198 1275 278 1359 post
300 1271 344 1357 (ν.
369 1273 483 1354 fidas.)
507 1271 558 1336 his
582 1269 712 1337 verbis:
775 1291 778 1300 ·

188 1465 190 1470 ¹
287 1393 339 1458 καὶ
363 1393 419 1478 μὴν
443 1399 566 1478 περῶσα
589 1392 729 1478 τυγχάνει
755 1395 854 1476 δόμων
877 1393 951 1478 ὅπερ
994 1403 997 1410 ’

288 1499 348 1583 ἧδ’,
371 1485 426 1570 εἰς
451 1498 490 1562 δὲ
514 1497 646 1582 καιρὸν
671 1502 747 1562 σοῖσι
770 1494 1036 1583 φαίνειταιλόγοις.

79 1621 253 1687 Hecubam
275 1621 506 1708 praenuntiat,
536 1619 629 1700 cuius
653 1620 767 1686 aditus
789 1619 883 1686 nullo
907 1618 1003 1706 modo
1027 1621 1201 1710 probatur.

167 1725 209 1790 ln
231 1725 331 1793 Herc.
355 1749 387 1793 ν.
405 1725 467 1790 701
492 1725 614 1810 Lycus,
639 1727 680 1789 nt
702 1723 742 1790 de
766 1725 1027 1811 Amphitryone,
1051 1725 1200 1810 Megara,

79 1829 197 1898 liberis
220 1829 377 1896 Herculis
401 1830 600 1918 supplicium
633 1833 753 1912 sumat,
786 1829 821 1911 in
853 1850 1006 1896 scaenam
1028 1830 1134 1910 venit,
1167 1833 1202 1895 et

80 1937 173 2002 forte
195 1935 405 2023 Amphitryo
439 1957 481 2002 ex
515 1935 611 2022 regia
644 1933 768 2022 prodit.
821 1935 895 2001 Hoc
926 1934 1000 2002 loco
1035 1958 1101 2001 non
1134 1935 1202 2001 iam

81 2041 212 2120 chorus,
237 2039 295 2108 sed
310 2041 425 2126 Lycus
448 2039 520 2127 ipse
543 2041 688 2106 alteram
704 2061 880 2126 personam
896 2039 1065 2107 commode
1088 2033 1218 2126 egredi

82 2143 180 2212 dicit:
461 2141 463 2148 '

125 2291 158 2335 v.
182 2269 256 2334 701.
303 2269 357 2338 εἰς
380 2267 518 2352 καιρὸν
542 2263 631 2330 οἴκων
655 2265 837 2352 Ἀμφιτρύων
861 2265 916 2337 ἔξω
940 2271 1038 2353 περᾷς.

168 2389 245 2456 Νοιι
268 2387 396 2472 dubito,
422 2389 502 2476 quin
518 2388 563 2454 fr.
579 2389 667 2454 XIX
690 2411 731 2455 er
754 2389 896 2457 Pacuvii
910 2389 1008 2457 Medo
1032 2395 1203 2458 servatum

83 2495 124 2561 ad
147 2497 342 2563 contextum
365 2493 507 2562 similem
529 2495 735 2581 pertinuerit
758 2493 873 2578 (Ribb.
897 2518 928 2582 p.
955 2495 1047 2584 122);

128 2616 398 2704 »Αιιριειοωιω
422 2618 463 2682 in
486 2617 577 2704 ipso
601 2622 793 2705 tempore
816 2620 986 2684 ostentum
1010 2621 1152 2684 senem.“

169 2739 222 2804 Ex
251 2738 303 2804 his
333 2739 493 2827 exemplis
526 2740 736 2827 perspicuum
769 2761 840 2806 esse
872 2741 1024 2806 arbitror
1056 2741 1203 2826 tragicos

85 2844 232 2911 Graecos
258 2842 360 2909 etiam
382 2843 424 2910 iis
446 2844 538 2926 locis,
571 2845 689 2933 quibus
722 2867 866 2930 persona
896 2844 1011 2932 aliqua
1031 2845 1148 2932 prodit
1169 2846 1204 2912 in

86 2971 238 3016 scaenam
260 2947 356 3014 nulla
379 2971 480 3016 causa
503 2949 659 3032 adducta,
695 2953 823 3040 certam
855 2953 964 3016 artem
994 2950 1201 3036 adhibuisse,

85 3077 160 3120 nam
184 3052 290 3140 primo
307 3052 449 3120 duarum
465 3076 683 3140 personarum
698 3055 804 3140 prior,
830 3055 922 3120 cuius
939 3054 1053 3122 aditus
1074 3079 1204 3142 semper

87 3161 263 3246 probatur,
296 3158 427 3226 accedit
449 3158 584 3224 aliunde
607 3159 642 3224 in
666 3180 828 3240 scaenam,
861 3159 982 3226 deinde
1005 3159 1126 3227 chorus
1149 3161 1206 3228 vel
1250 3231 1253 3246 ,

86 3265 119 3328 in
141 3285 207 3330 una
223 3262 340 3329 fabula
355 3263 451 3350 prior
466 3285 610 3350 persona
625 3264 699 3350 ipsa
715 3263 859 3329 alteram
876 3286 1052 3350 personam
1075 3287 1206 3352 semper

85 3368 202 3434 iisdem
231 3368 304 3435 fere
334 3367 446 3434 verbis
479 3368 701 3454 praenuntiat
731 3389 772 3434 ex
803 3367 940 3434 aedibus
963 3389 1047 3455 quaa
1070 3369 1206 3436 habitat

85 3473 220 3560 prodire
243 3477 279 3539 et
307 3495 374 3538 non
408 3473 511 3539 nullis
545 3472 628 3539 locis
662 3473 756 3538 forte
790 3494 862 3539 eam
896 3473 939 3540 ad
970 3475 1104 3561 tempus
1127 3497 1205 3561 pro·

87 3578 224 3646 cessisse
255 3576 367 3662 addit;
402 3599 488 3664 quae
519 3577 632 3653 altera
663 3599 806 3665 persona
838 3599 896 3642 cur
926 3576 1080 3664 prodeat,
1113 3578 1205 3646 nullo

86 3682 169 3759 loco,
182 3683 307 3748 dicitur
330 3703 438 3770 neque
454 3681 520 3747 dici
537 3681 645 3765 debet,
672 3681 760 3769 quod
776 3705 816 3748 ex
833 3682 901 3748 suis
926 3681 1064 3748 aedibus
1088 3683 1160 3749 exit
1170 3683 1205 3767 1).

141 3869 143 3876 y
172 3787 270 3853 Hanc
293 3786 431 3854 eandem
454 3786 598 3854 formam
624 3786 755 3854 exordii
778 3808 927 3870 scaenae,
952 3809 1051 3875 quam
1070 3786 1206 3854 Aristo-

179 4036 205 4103 1)
226 4033 267 4088 of.
288 4033 452 4102 Deckinger,
481 4035 532 4089 Die
551 4034 731 4102 Darstellung
757 4033 807 4088 der
831 4033 1022 4102 pers‘o'nlichen
1042 4033 1144 4088 Motive
1162 4035 1207 4088 bei

89 4124 231 4194 Aischylos
250 4122 305 4177 und
324 4123 482 4190 Sophoclea
512 4140 538 4190 p.
558 4127 592 4177 34
612 4122 674 4177 adn.
697 4127 724 4176 l:
745 4165 751 4178 .
772 4165 777 4176 ,
800 4165 805 4177 .
828 4122 988 4192 „Aischylos
1017 4123 1112 4175 nimmt
1138 4123 1207 4178 eben

90 4212 211 4266 offenbar
230 4210 279 4265 das
298 4212 352 4264 Ab·
371 4211 427 4264 und
446 4212 575 4278 Zugehen
595 4229 647 4266 von
665 4211 721 4265 und
747 4213 817 4265 nach
839 4211 900 4266 dem
919 4211 970 4264 den
990 4211 1207 4266 Buhnenhinter-

95 4301 183 4368 grund
202 4299 348 4354 bildenden
367 4298 463 4354 Palast
481 4301 596 4354 leichter
615 4301 656 4354 als
676 4301 719 4354 ein
739 4301 803 4354 Ein·
823 4299 889 4355 oder
907 4301 1040 4354 Abtreten
1060 4291 1150 4354 duroh'
1166 4301 1209 4356 die

91 4391 231 4444 seitlichen
249 4388 391 4443 Parodoi.“
