3098 5204
633 420 863 540 ro¹⁴

255 691 260 703 Ι
300 646 345 733 ἄρ’
369 645 430 711 eorl
453 646 571 712 πάντων
594 647 739 732 ἀγρυπνία
762 647 947 710 λαλίστατον.

185 793 190 803 ·
301 749 355 836 ἐμὲ
377 756 449 834 γοῦν
472 753 668 835 ἀναστήσασα
691 750 774 836 δευρὶ
796 750 959 836 προάγεται

299 859 399 920 λαλεῖν
423 858 473 920 ἀπ’
496 857 596 942 ἀρχῆς
617 855 713 920 πάντα
735 853 783 920 τὸν
807 857 939 939 ἐμαυτοῦ
962 855 1033 941 βίον.

179 960 263 1043 Quis
285 968 347 1043 est,
372 961 431 1048 qui
452 960 504 1028 his
527 961 639 1029 verhis
663 945 840 1050 quicquam
862 960 981 1042 inesse,
1012 958 1103 1048 quod
1125 951 1215 1026 veri-

87 1068 199 1132 tatem
229 1061 436 1153 egrediatur,
468 1087 536 1132 non
568 1063 722 1133 sentiat?
774 1065 923 1148 Iuvenis,
958 1065 1052 1132 cuius
1084 1062 1214 1130 animus

88 1175 270 1258 tantopere
285 1173 508 1258 perturbatus
532 1173 594 1253 est,
617 1193 685 1238 non
706 1173 830 1237 narrat
854 1172 903 1235 ἀπ’
927 1173 1023 1256 ἀρχῆς
1046 1170 1142 1234 πάντα
1164 1168 1226 1265 τὸν·
1278 1166 1282 1176 ’
1361 1157 1389 1178 ”

87 1277 204 1346 ἑαυτοῦ,
223 1273 293 1362 [llos.
341 1274 440 1358 Quod
460 1274 544 1342 haec
566 1275 656 1342 ratio
687 1275 738 1341 ita
761 1273 914 1342 adhibita
937 1273 1125 1342 comoediae
1147 1295 1215 1348 non

88 1384 173 1467 epta
196 1382 281 1459 erat,
305 1379 456 1446 Philemo
472 1387 602 1467 poetas,
626 1379 684 1467 qui
699 1379 1014 1468 talia'scripserunt
1035 1379 1107 1476 iure
1123 1378 1213 1472 ritu·
1301 1459 1303 1467 Α

89 1483 278 1574 peravih¹):
303 1483 484 1551 Mercator.
508 1485 583 1550 dea.
948 1482 950 1494 '
1213 1502 1216 1512 ·

198 1620 285 1682 ,non
308 1619 371 1683 ego
394 1598 476 1664 item
496 1596 596 1680 facio,
620 1602 662 1663 ut
684 1597 770 1664 alios
792 1597 828 1662 in
850 1594 1029 1662 comoediis

164 1716 179 1725 “’
194 1702 230 1770 vi
254 1701 324 1769 vidi
349 1700 473 1769 amoris
496 1702 618 1784 facere,
642 1701 701 1788 qui
723 1707 784 1768 aut
799 1701 899 1768 'nocti
922 1704 983 1767 eut
1005 1700 1060 1768 die

98 1833 100 1840 ⁴
196 1810 258 1874 aut
280 1806 344 1874 soli
366 1809 427 1875 aut
448 1803 549 1873 lunae
570 1804 722 1874 miserias
745 1809 889 1873 narrant
912 1827 1005 1872 snas:

90 2005 257 2085 Stephanio:
284 2014 373 2086 „Quid
391 2017 432 2071 ita
440 2017 469 2068 ?“
509 2015 659 2070 Phaedria:
690 2016 742 2085 ,Ut
761 2017 859 2084 solent,
887 2032 929 2069 me
947 2031 1030 2070 curae
1049 2017 1154 2070 somnio
1167 2032 1214 2070 se-

195 2157 197 2164 ,
1062 2111 1178 2174 gregant

90 2194 234 2262 Forteque
252 2193 341 2248 noctis
361 2177 483 2248 excitant
502 2183 641 2248 silentioss

90 2283 260 2338 Ribbeckiua
285 2289 361 2338 recte
390 2281 519 2338 adnotat:
559 2283 686 2350 „Initium
704 2281 889 2336 Menandreae
915 2281 1028 2336 fabulae
1045 2283 1213 2352 cognominis

89 2373 132 2426 ita
149 2357 271 2426 imitatus
291 2377 333 2426 est
352 2371 501 2440 Turpilius,
529 2377 561 2428 ut
579 2371 651 2426 servi
670 2371 865 2439 Stephanionis
891 2387 1009 2439 persona
1027 2371 1140 2426 inducta
1158 2387 1214 2426 mo-

91 2461 220 2530 nologum
238 2465 358 2538 mutaret
382 2460 411 2513 in
436 2457 614 2514 diverbium“.
652 2460 696 2512 Ex
722 2460 773 2513 hoc
800 2460 885 2528 igitur
910 2457 1065 2528 fragmento
1084 2449 1214 2516 discimus

89 2547 245 2618 Turpilium
263 2555 387 2604 secutum
406 2565 466 2604 esse
485 2555 573 2604 artem
592 2549 722 2616 Terentii,
752 2549 799 2618 qui
825 2549 854 2603 in
873 2546 1011 2604 nonnullis
1039 2547 1154 2617 scaenis,
1179 2565 1214 2604 ne

89 2655 160 2694 unus
185 2638 232 2693 diu
257 2639 396 2707 loquatur,
425 2639 540 2694 alteram
565 2655 712 2706 persenam
739 2639 774 2692 ab
800 2637 952 2707 exemplari
970 2638 1076 2694 Graeco
1096 2639 1214 2710 ahenam

89 2727 195 2782 inducit
228 2727 325 2797 (Andr.
344 2729 365 2794 1,
387 2733 416 2796 13
443 2729 515 2782 Eun.
533 2728 582 2793 111,
602 2731 618 2782 5
638 2732 666 2782 et
683 2728 716 2794 V,
736 2729 765 2797 8)
795 2729 890 2797 itaque
914 2726 1007 2795 elficit,
1035 2733 1066 2782 ut
1090 2728 1214 2784 namatio

89 2822 160 2872 esse'
177 2819 249 2872 actio
276 2817 403 2872 scaenica
428 2816 562 2872 videatur.
599 2816 813 2886 Sed-Turpilius
839 2818 892 2872 hac
917 2817 1069 2872 imitatione
1096 2816 1214 2872 formam

90 2922 190 2962 causae
209 2907 290 2975 plane
309 2906 468 2976 corrumpit,
495 2906 597 2976 quippe
617 2907 734 2976 quaein
753 2921 785 2960 eo
803 2907 896 2976 posita
914 2907 958 2973 sit,
977 2913 1009 2964 ut
1027 2921 1135 2975 semper
1152 2922 1213 2976 pcr-

89 3011 165 3064 sona,
185 2979 261 3050 cuins
281 2992 372 3050 aditus
392 2995 492 3050 affectu
511 2995 653 3064 probatur,
673 2996 733 3050 sola
750 2996 779 3049 in
792 3011 919 3052 scaenam
932 2996 1104 3064 ingrediatur
1121 3011 1212 3050 secum

91 3084 214 3152 loquens.
597 3148 601 3157 ¹
675 3133 678 3142 ,
837 3073 839 3078 ’
1027 3137 1032 3150 ,

131 3241 133 3246 Α
182 3177 208 3242 1)
227 3173 321 3228 Etiam
337 3189 447 3227 causam
466 3171 593 3240 adeundi,
623 3187 702 3240 quam
727 3173 823 3227 nutrix
841 3171 957 3228 Medeae
980 3171 1092 3242 indicat,
1121 3175 1211 3230 irrisa

90 3269 155 3316 runt
183 3263 286 3316 comici.
330 3261 412 3330 Apud
438 3263 623 3316 Philemonem
651 3276 755 3330 coquus
784 3278 817 3316 ea
833 3261 960 3316 ridicule
988 3262 1100 3317 adhibet
1127 3263 1212 3320 verba

8 3387 10 3390 -
89 3351 202 3421 (Athen.
222 3353 281 3419 Vll,
301 3355 353 3407 288
364 3352 410 3422 dl:
768 3362 769 3365 ’

175 3431 178 3438 ⁴
219 3467 221 3474 ·
299 3440 364 3495 ὥσθ’
384 3443 469 3514 ἵμερός
489 3441 516 3512 μ’
535 3441 634 3514 ὒπῆλθε
655 3448 685 3514 γῇ
705 3460 732 3494 τε
751 3440 867 3513 κούρανῷ

298 3531 366 3592 λέξαι
385 3532 495 3602 μολόντα
513 3529 607 3602 τοῦψον
625 3530 662 3590 ὡς
681 3529 812 3587 rectane.

89 3619 273 3690 (Fragm793
292 3620 392 3687 11,500
411 3621 509 3690 Kock).
540 3618 622 3675 Haud
641 3619 722 3676 aliter
742 3619 917 3689 Theognetus
936 3620 1025 3690 (Kock
1038 3620 1079 3673 111
1097 3618 1132 3674 ir.
1148 3624 1161 3677 l
1176 3643 1211 3668 ==

90 3710 190 3768 athen.
211 3713 262 3764 104
272 3711 297 3780 c)
315 3707 430 3764 Medeae
448 3710 539 3764 locum
557 3709 593 3763 ad
612 3710 759 3764 cachinnos
778 3709 938 3766 excitandos
957 3710 1115 3778 usurparit:

298 3800 503 3872 πεφιλοσόφηκας
522 3806 553 3871 γῇ
572 3819 599 3852 τε
618 3799 734 3871 κούρανῷ
753 3799 839 3853 λαλῶν

160 3936 163 3942 .
299 3890 336 3947 οἷς
355 3889 426 3960 οὐδέν
445 3890 508 3942 ἐστιν
527 3889 640 3958 ἐπιμελὲς
658 3895 711 3941 τῶν
731 3895 782 3941 σῶν
801 3889 892 3959 λόγων.

90 3976 132 4032 of.
152 3978 235 4039 etiam
253 3978 428 4033 Pherecratio
448 3975 482 4033 fr.
504 3980 563 4045 193,
583 3980 630 4047 qui
649 3978 731 4048 Soph.
751 3977 794 4031 El.
813 3996 837 4031 v.
857 3981 892 4032 86
902 3993 939 4032 es.
957 3977 1114 4032 ludificatus
1133 3983 1183 4032 est.

144 4065 148 4074 '
179 4067 251 4124 Num
276 4069 372 4122 comici
397 4084 542 4138 perperam
567 4067 764 4132 iudicaverunt,
793 4083 853 4121 cum
880 4068 958 4124 illum
983 4066 1097 4122 Medeae
1121 4068 1212 4129 locum

89 4156 157 4210 iocis
176 4157 384 4227 improbarent?
420 4158 530 4212 Nutrici
548 4157 640 4226 potine
667 4173 756 4212 sermo
775 4156 885 4212 humilis
904 4163 988 4225 atque
1006 4157 1130 4226 plebeius
1149 4171 1211 4210 con·

90 4245 172 4313 venit,
202 4247 248 4315 qui
273 4262 445 4314 nequaquam
471 4245 508 4302 ad
532 4245 702 4315 tragoediam
727 4262 781 4301 non
807 4244 939 4315 quadrat,
968 4260 1056 4315 neque
1081 4245 1152 4300 enim
1170 4245 1211 4299 via

89 4335 257 4403 effectusque
276 4335 433 4391 fabularum
444 4335 661 4406 Aeschylearum
673 4334 794 4391 custodis
813 4336 842 4389 in
857 4339 1014 4405 Agamemn.
1033 4336 1076 4390 vel
1095 4333 1211 4390 nutricis

90 4423 119 4477 in
138 4425 290 4494 Choephor.
310 4425 401 4480 verbis
419 4426 596 4481 imminuitur.

958 4515 1004 4581 2*
