3098 5204
809 430 873 532 as

221 613 223 624 ’
273 605 391 671 tinere.
438 605 487 671 Iis
511 627 595 692 quae
619 604 659 672 de
682 605 744 672 hoc
766 605 841 672 loco
863 605 1034 672 Dziatzlxo
1065 606 1185 693 (praef.
1211 605 1277 672 ed.¹
1306 629 1336 692 p.
1362 605 1397 691 4)

273 709 428 796 protulit,
453 709 674 776 Menandrum
696 713 774 798 post
796 711 839 794 V,
861 711 881 776 3
904 711 1063 778 Demeam
1085 733 1152 778 non
1168 729 1320 778 scaenam
1343 732 1397 777 re·

272 814 481 900 linquentem
513 813 633 881 fecisse
657 819 760 904 atque
783 835 926 906 causam¹
942 815 1084 882 exeundi
1106 816 1142 880 in
1166 836 1285 882 scaena
1309 815 1350 888 V,
1375 816 1399 880 4

274 919 406 986 omnino
430 917 554 1002 deesse,
579 919 646 986 viri
669 919 761 986 docti
777 919 933 990 commoti
956 925 1049 1002 sunt,
1070 923 1109 986 ut
1124 942 1258 987 causam
1281 919 1397 986 aditus

273 1027 440 1091 curarent.
486 1023 670 1092 Nencinius
687 1048 725 1114 p.
752 1025 814 1091 142
838 1025 997 1092 Demeam
1021 1047 1095 1091 oum
1130 1027 1191 1110 ,ab
1215 1024 1310 1092 domo
1335 1046 1399 1091 sua

274 1132 310 1194 et
332 1150 434 1216 opere
457 1128 584 1195 rustico
607 1127 708 1216 longe
732 1129 831 1212 absit,
855 1152 920 1195 uno
944 1129 1016 1196 loco
1042 1129 1188 1196 otiosum
1210 1129 1399 1196 consistere

272 1233 432 1320 nequire“
459 1233 560 1318 dicit;
586 1255 672 1322 quae
695 1255 796 1300 causa
811 1234 945 1320 longius
962 1234 1127 1301 arcessita
1140 1237 1212 1315 oss,
1236 1256 1334 1322 quam
1357 1237 1400 1300 ut

273 1338 347 1405 veri
378 1338 496 1404 similis
529 1337 640 1435 videri
671 1339 789 1426 possit.
842 1338 1058 1427 Spengelium
1090 1343 1204 1406 autem
1233 1361 1306 1404 cum
1329 1337 1400 1405 De·

273 1464 380 1508 meam
403 1443 496 1510 exire
527 1443 695 1529 opinatur,
729 1443 818 1530 quod
848 1443 879 1509 ei
909 1439 1071 1510 convivae
1094 1443 1237 1510 maxime
1260 1442 1400 1511 cithari-

275 1547 363 1613 stria
385 1547 597 1634 displiceant,
632 1547 813 1635 neglegere
843 1551 926 1634 puto
950 1547 1169 1614 Menandrum
1193 1547 1248 1613 vel
1271 1547 1399 1614 Teren·

272 1651 358 1718 tium
373 1652 433 1718 vix
444 1651 550 1719 talem
566 1652 771 1719 occasionem
791 1675 921 1718 morum
936 1651 1232 1718 describendorum
1245 1655 1400 1739 praeter.-

272 1757 453 1822 missurum
467 1757 583 1824 fuisse.
608 1757 713 1823 Immo
729 1756 856 1824 Demea
871 1759 971 1823 rebus
987 1757 1023 1822 in
1039 1778 1158 1823 scaena
1173 1755 1270 1823 modo
1287 1757 1399 1843 gestis

275 1859 449 1942 adductus,
481 1864 521 1927 ut
552 1860 594 1926 de
626 1860 745 1927 fratris
776 1865 811 1927 et
841 1860 882 1926 de
913 1882 974 1927 sua
1002 1861 1109 1948 ipsius
1139 1861 1274 1928 ratione
1303 1861 1402 1928 vitae

275 1960 415 2050 cogitet,
437 1965 475 2030 in
498 1987 618 2032 scaena
642 1986 749 2031 vacua
772 1965 891 2032 melius
914 1986 1015 2053 quam
1036 1965 1073 2030 in
1096 1965 1249 2032 convivio
1268 1965 1402 2052 cogita-

277 2069 425 2135 tionibus
450 2093 484 2136 se
509 2068 589 2136 dare
611 2074 736 2157 potest.
774 2070 961 2136 Praeterea
982 2070 1048 2136 iam
1073 2073 1248 2136 structura
1264 2074 1402 2136 senten-

277 2173 403 2239 tiarum
424 2173 584 2260 proditur
607 2178 707 2240 causa
730 2173 885 2240 adeundi.

364 2277 572 2344 Fabularum
595 2299 836 2365 anonymarum
859 2279 924 2344 huc
945 2278 1120 2367 pertinent
1142 2277 1207 2344 duo
1230 2278 1313 2344 loci:

362 2383 403 2448 ln
420 2382 526 2469 Epid:
536 2383 579 2469 (s.
598 2383 673 2464 382)
690 2382 897 2469 Periphanes
913 2404 1018 2470 aeque
1034 2389 1137 2470 atque
1153 2383 1399 2466 adulescentes,

274 2509 357 2574 quos
382 2485 532 2554 Philemo
564 2486 672 2568 finxit,
705 2488 740 2553 in
772 2509 923 2554 scaenam
953 2488 1071 2575 prodit
1091 2509 1202 2555 secum
1232 2490 1399 2574 reputans

274 2591 315 2658 de
338 2590 507 2659 hominum
530 2595 565 2660 et
589 2615 649 2658 sua
672 2592 778 2680 ipsius
802 2591 1005 2658 condicione.
1114 2669 1118 2677 ¹

360 2697 403 2762 In
424 2697 596 2783 Amphitr.
621 2697 684 2761 633
707 2696 893 2762 Alcumena
916 2717 1015 2784 quam
1039 2718 1157 2782 expers
1179 2695 1400 2782 voluptatum

273 2800 308 2866 in
340 2823 464 2887 genere
497 2801 542 2867 sit
573 2801 648 2868 vita
680 2801 824 2867 humana
847 2800 1022 2883 deliberat,
1058 2801 1147 2887 quod
1178 2799 1304 2884 dictum
1333 2821 1400 2866 sua

274 2905 348 2972 vita
373 2906 505 2992 probat.
551 2905 625 2972 Hoc
656 2905 822 2972 canticum
852 2905 918 2978 etsi
941 2905 1087 2971 Leonem
1117 2905 1223 2971 secuti
1256 2903 1400 2991 (Nachr.

275 3010 335 3076 der
358 3009 440 3095 Kgl.
466 3009 651 3078 Gesellsch.
675 3010 737 3076 der
760 3009 861 3076 Wiss.
896 3008 992 3075 eost.
1016 3007 1192 3097 phil-hist.
1216 3008 1275 3075 Kl.
1300 3007 1399 3092 1911,

273 3138 305 3202 p.
330 3113 413 3199 256)
430 3113 590 3180 Plautum
613 3115 722 3202 ipsum
751 3114 866 3202 paucis
897 3114 931 3179 in
956 3106 1141 3200 exemplari
1164 3113 1295 3182 Graeco
1319 3134 1402 3178 ver-

275 3219 365 3290 sibus
389 3241 485 3300 usum
507 3217 628 3288 fecisse
650 3211 817 3306 putamus
847 3222 962 3284 tamen
986 3218 1145 3304 exemplis
1170 3217 1260 3305 apud
1282 3214 1401 3283 Phile-

274 3345 405 3389 monem
428 3326 464 3388 et
486 3322 706 3390 Menandrum
734 3328 770 3390 et
793 3323 828 3388 in
850 3323 992 3410 Epidico
1017 3322 1180 3389 similibus
1204 3321 1402 3389 ostenditur

274 3448 408 3494 causam
439 3427 627 3516 profectam
658 3450 729 3494 esse
763 3451 805 3494 ex
834 3417 952 3494 fabula
975 3427 1107 3494 Graeca
1115 3453 1122 3511 ;
1158 3427 1192 3493 in
1223 3431 1401 3515 quoquot

273 3554 429 3620 versuum
462 3532 675 3619 soliloquium
707 3533 854 3598 fortasse
885 3531 1008 3615 fuerit,
1044 3530 1230 3619 exemplum
1260 3531 1401 3618 Epidici

274 3637 373 3740 docet
383 3637 415 3720 ¹).

360 3812 391 3877 d.
424 3811 539 3879 Etiam
560 3813 595 3877 in
618 3816 710 3879 metu
733 3834 834 3879 causa
856 3812 970 3879 aditus
987 3811 1199 3900 depingenda
1214 3811 1398 3901 Euripides

275 3917 370 3984 velut
399 3917 564 4003 magister
596 3917 795 3985 comicorum
826 3916 901 3984 fuit.
956 3917 1033 3983 Non
1064 3939 1129 4004 quo
1161 3921 1281 4004 poetae
1314 3920 1398 3986 ante

366 4113 391 4181 1)
412 4112 503 4164 Etiam
522 4126 611 4177 cocus,
633 4113 680 4178 qui
698 4111 725 4162 in
743 4110 869 4165 Alexidis
889 4110 923 4164 fr.
947 4113 997 4165 186
1016 4110 1146 4178 loquitur,
1167 4116 1194 4164 et
1212 4111 1316 4165 iuvenis
1336 4111 1399 4180 phi·
1439 4174 1441 4180 y

273 4203 412 4269 losophus‚
433 4200 509 4254 cuius
528 4201 611 4254 verba
631 4207 694 4254 sunt
713 4200 748 4252 fr.
769 4199 892 4268 adespot.
908 4202 965 4265 104,
986 4199 1161 4254 solitudinem
1180 4187 1344 4269 petiverunt,
1363 4208 1398 4256 ut

274 4290 486 4358 cogitationibus
506 4305 535 4343 se
554 4289 660 4344 darent.
698 4288 752 4343 Sed
772 4305 825 4356 qua
843 4290 951 4342 ratione
974 4291 1040 4343 haec
1060 4288 1216 4358 fragmenta
1236 4306 1295 4343 cum
1315 4290 1399 4348 Euri-

273 4379 337 4450 pide
357 4380 530 4448 cohaereant,
550 4394 603 4432 non
624 4385 748 4448 apparet.
