3098 5204
687 463 729 528 35

357 625 417 720 ᾔδη
442 637 542 707 καλῶς
559 635 615 700 ’καί
638 635 749 710 α’ἐκτὸς
774 628 901 702 citatos
925 639 1024 701 πυλῶν
1095 693 1097 704 ν
1191 666 1193 671 ·
1242 667 1266 722 χῖ

355 743 435 804 τοῦδ’
459 742 553 805 οὕνεκ’
576 741 751 826 ἐξέπεμπον,
775 747 816 814 ὡς
841 744 915 827 μόνη
939 742 1066 824 atticus,3
1094 813 1095 818 η
1131 751 1133 758 ’

233 863 339 930 Nobis
354 863 487 951 quidem
500 887 573 930 cum
588 886 642 930 res
657 864 838 931 hodiernus
851 863 1050 932 conferimus
1063 865 1120 945 (cf.
1134 864 1267 935 Kaibel.
1301 885 1305 892 ’

144 966 198 1034 El.
221 991 253 1055 p.
281 969 346 1052 65),
381 990 483 1035 causa
514 967 657 1034 exeundi
681 968 901 1037 debilis'esse
920 968 1074 1053 videtum
1093 979 1185 1036 'nam
1208 993 1268 1039 cur

127 1095 218 1146 non·
234 1072 353 1140 melius
384 1073 458 1141 loco
492 1076 620 1140 secreto
653 1074 766 1160 regiae
798 1097 863 1156 res,
898 1095 979 1161 quas
1011 1074 1102 1141 inter
1124 1097 1160 1142 se
1183 1099 1267 1142 com·

144 1177 309 1243 missurae
333 1181 421 1261 sunt,
446 1175 638 1265 peragant?
685 1178 751 1246 sed
773 1177 944 1262 Bruhnius
975 1181 1070 1246 recte
1101 1179 1266 1250 adm-18

145 1281 311 1348 adnotat:
330 1282 431 1367 „turm
448 1283 575 1346 αὐλείων
591 1286 706 1348 πυλῶνα
722 1283 818 1352 Hans
834 1283 902 1350 und
917 1281 991 1349 Hof
1004 1283 1078 1350 sind
1093 1307 1159 1350 νου
1175 1285 1267 1351 einer

144 1386 262 1456 Macer
286 1386 563 1474 eingeschlossen‚
588 1388 623 1453 in
639 1388 742 1454 deren
758 1387 869 1455 Front
883 1388 954 1454 sich
970 1389 1023 1456 die
1048 1387 1165 1460 αὔλειος
1188 1389 1266 1476 θύμα
1292 1394 1294 1397 ’
1348 1383 1349 1386 '

143 1491 248 1576 zeigt,
272 1531 314 1540 -
337 1490 422 1558 doch
444 1491 534 1560 wohl
557 1492 629 1559 eine
653 1492 722 1559 und
751 1492 845 1558 nicht
873 1492 955 1559 drei.
1002 1491 1182 1580 Sophocles
1204 1494 1266 1562 hat

144 1595 199 1662 die
223 1594 329 1663 Scene
359 1596 590 1683 dahingelegt,
622 1596 757 1664 weilos
782 1597 925 1684 wichtig
943 1620 1026 1678 war,
1060 1597 1124 1665 dass
1148 1597 1266 1666 keiner

145 1700 206 1767 der
229 1693 494 1789 Hausgcncssen
524 1691 629 1769 ausser
661 1702 792 1768 Ismene
824 1704 930 1770 etwas
963 1725 1028 1769 von
1051 1703 1265 1796 Antigonens

144 1804 329 1874 Vcrhaben
352 1808 483 1874 wisse.
509 1859 516 1872 .
541 1815 568 1873 .“
1007 1859 1009 1864 κ
1162 1875 1165 1879 .

143 1959 145 1962 -
232 1904 476 1978 Ηυοοουαυυῐα
493 1911 605 1978 aditus
629 1911 664 1976 in
688 1932 841 1983 scaenam
853 1910 1272 1980 Wilamowitziusetiam
1373 1997 1374 2000 Ἴ

142 2015 180 2081 in
202 2014 374 2102 Euripidis
398 2016 515 2084 fabula
547 2016 690 2104 quadam
723 2005 893 2082 exstitisse
924 2017 1071 2105 putavit.
1117 2017 1159 2083 In
1180 2039 1266 2084 com·

143 2120 467 2204 mentariolccnim,
492 2144 589 2208 quem
612 2121 654 2186 de
676 2119 890 2186 Phaethonte
913 2121 1112 2214 conscripsit
1136 2121 1269 2206 (Herm,

144 2225 196 2308 18,
211 2225 297 2310 399),
323 2224 422 2292 dicit:
450 2226 639 2310 „Klymene
650 2225 713 2292 hat
727 2225 798 2291 sich
813 2225 877 2292 den
893 2224 984 2292 Schn
999 2249 1074 2290 zum
1092 2225 1267 2313 Gespriich

106 2381 110 2388 .
143 2329 229 2395 noch
253 2353 315 2396 vor
338 2329 580 2424 Tagesgrauen
603 2354 665 2398 vor
688 2330 753 2420 den
775 2329 896 2396 Palast
926 2322 1078 2413 bestcllt,
1110 2333 1166 2396 um
1197 2331 1266 2396 ihm
1353 2369 1355 2375 ·

134 2433 199 2499 aie
243 2427 511 2521 folgcnschwerc
556 2435 784 2523 ‘Entdeckung
830 2435 938 2501 seines
978 2433 1178 2522 Ursprungs
1224 2459 1267 2501 zu

143 2538 312 2606 machen.“
360 2539 409 2606 Et
431 2562 470 2605 re
492 2561 576 2608 vera
591 2561 790 2634 quamquam
812 2539 848 2605 in
871 2537 996 2604 fabulis
1021 2538 1120 2608 huius
1142 2542 1264 2628 poetae

143 2643 239 2709 nobis
271 2645 415 2710 servatis
446 2644 543 2710 nulla
574 2645 749 2711 invenitur
774 2666 894 2711 scaena
917 2645 1112 2711 ea‘raticnc
1135 2643 1265 2734 confor-

143 2751 246 2828 mata,
280 2757 394 2814 tamen
426 2773 467 2816 ex
500 2750 651 2816 versibus
676 2749 748 2837 Iph.
771 2749 849 2815 Aul.
874 2750 960 2816 1106
974 2773 1017 2816 ss.
1052 2748 1264 2816 concluditur

143 2853 341 2941 Euripidem
365 2856 408 2921 ab
430 2854 492 2921 hac
515 2876 615 2920 causa
637 2853 751 2920 aditus
774 2877 841 2920 non
863 2854 1097 2925 abhorruisse:
1183 2885 1184 2888 ¹

323 2979 427 3060 Λήδας
450 2978 600 3060 γένεθλον,
623 2978 654 3040 ἐν
677 2979 761 3062 καλῷ
778 2970 863 3048 σ’ἔξω
888 2978 988 3060 δόμων

321 3079 436 3169 εὔμηχ’,’
460 3080 495 3145 ἵν’
523 3065 597 3145 εἵπου
621 3082 772 3167 παρθένου
795 3066 889 3166 popio
913 3084 1018 3165 λόγους

240 3177 255 3274 4*
321 3187 447 3258 οὸςούκ
470 3187 587 3250 ἀκούειν
611 3185 662 3257 τὰς
686 3187 874 3270 γαμουμένας
897 3187 1011 3271 πρέπει.

230 3309 317 3375 Uter
333 3309 541 3394 tragicorum
554 3310 651 3398 prior
667 3308 739 3374 tale
755 3329 895 3375 scaenae
913 3308 1047 3373 initium
1062 3308 1263 3391 instituerit,

142 3435 164 3479 a
186 3413 281 3480 nobis
305 3414 438 3501 quidem
462 3437 528 3480 uon
551 3415 617 3479 iam
640 3413 794 3498 cognosci
809 3417 934 3498 potest.
978 3412 1064 3478 Eam
1085 3416 1264 3500 postquam

143 3519 245 3584 semel
276 3519 419 3586 inventa
453 3522 514 3602 est,
548 3519 680 3606 saepius
703 3518 739 3583 in
761 3517 941 3603 tragoedia
971 3520 1170 3606 usurpatam
1193 3539 1264 3583 csse

142 3621 356 3690 manifestum
390 3631 442 3690 est
466 3626 502 3690 et
524 3624 729 3710 fragmento,
762 3620 852 3709 quod
874 3621 1004 3687 Nonius
1036 3643 1078 3687 ex
1100 3621 1264 3708 Epigonis

141 3725 238 3792 Accii
261 3729 365 3794 affert
387 3727 443 3814 (fr.
467 3728 499 3794 V
522 3750 552 3815 p.
576 3728 639 3792 201
664 3725 786 3808 niba),
811 3724 1017 3792 ostenditur:
1044 3812 1046 3816 ι

146 3849 282 3937 „anue
304 3851 352 3918 ivi
369 3851 437 3916 ¹hcc
460 3872 569 3936 causa,
600 3853 640 3917 ut
669 3873 710 3916 ne
740 3849 813 3937 quis
842 3852 962 3915 nostra
984 3851 1090 3917 verba
1113 3848 1264 3934 cleperet

974 3953 1142 4020 auribus“.

229 4076 306 4144 Non
329 4077 569 4158 obscleseebat,
594 4077 682 4162 quod
706 4097 779 4142 eam
802 4073 908 4143 multo
933 4076 1101 4162 aptiorem
1124 4096 1196 4141 esse
1219 4073 1263 4141 ad

141 4182 307 4248 actionem
324 4182 470 4248 vividum
493 4204 594 4269 quam
615 4180 708 4246 illam
732 4181 876 4247 formam
899 4201 1104 4262 scaenarum,
1128 4181 1163 4245 in
1185 4200 1262 4265 qua,

141 4290 319 4373 postquam
343 4287 455 4353 altera
477 4291 556 4372 post
579 4285 723 4377 alteram
746 4306 925 4372 personam
948 4285 984 4349 in
1008 4306 1160 4352 scaenam
1183 4306 1262 4370 pro-

140 4392 253 4470 cessit,
286 4392 319 4457 in
353 4413 472 4458 scaena
504 4392 636 4458 demum
666 4390 845 4476 paulatim.
863 4389 1052 4460 divertium
1083 4389 1181 4488 quasi
1212 4387 1263 4476 inf

1013 4497 1028 4547 3
1037 4497 1052 4530 *
