3098 5204
638 475 680 541 23

181 649 260 718 Non
290 651 473 736 tantopere
505 654 689 718 commotus
721 649 793 716 exit
825 649 1013 716 Aeschinus
1044 647 1110 716 Ad.
1141 649 1215 729 899,

91 776 208 822 morae
230 753 420 842 impatiens,
444 754 533 840 quod
555 754 695 841 nuptiae
717 753 815 820 nimis
840 753 897 820 diu
920 757 1139 842 apparentur.
1173 769 1177 780 '

181 875 357 942 Interdum
388 875 535 964 impetus
567 876 670 942 animi
693 876 795 942 etiam
818 875 876 942 diu
897 875 1084 964 praeteriit
1114 879 1218 962 atque

89 981 267 1070 paululum
288 984 424 1048 tantum
446 979 544 1048 velut
566 984 722 1047 resonat:
1207 985 1211 990 ’

180 1093 300 1161 Bacch.
313 1095 387 1160 770.
428 1093 611 1162 Nicobulus
641 1093 773 1160 domum
796 1093 976 1181 relinquit;
1011 1114 1114 1180 aegre
1144 1093 1217 1160 fert

90 1221 127 1265 se
151 1198 356 1286 Chrysalum
384 1199 506 1286 punire
536 1220 605 1265 non
635 1220 744 1286 posse.
791 1197 914 1265 Notari
943 1202 1057 1266 autem
1080 1201 1216 1286 oportet

89 1327 167 1370 eum
199 1303 266 1370 iam
298 1308 379 1372 ante
410 1329 441 1370 v.
466 1305 531 1370 530
562 1307 602 1370 ut
626 1303 816 1391 Chrysalus
848 1304 992 1391 impunis
1025 1303 1125 1394 foret
1141 1324 1215 1408 conj

90 1431 242 1476 cessrsse.

178 1530 264 1597 Eun.
281 1533 333 1596 81.
371 1531 474 1598 Thais
498 1531 594 1599 domo
617 1532 772 1620 procedit
796 1536 832 1599 et
855 1531 939 1598 dicit
961 1530 1150 1613 se'timere,
1174 1551 1215 1596 ne

93 1635 266 1704 Phaedria
288 1641 390 1722 aegre
412 1635 544 1719 tulerit,
568 1637 658 1723 quod
680 1637 756 1706 heri
777 1659 845 1702 non
866 1635 1083 1702 intromissus
1107 1634 1162 1701 sit.

181 1757 326 1825 Cunctos
342 1757 433 1824 locos
451 1780 533 1846 quos
549 1757 614 1824 huo
629 1781 734 1846 usque
750 1757 855 1825 attuli
871 1781 944 1825 cum
955 1757 1213 1845 perlustramus,

89 1884 132 1929 ea
155 1884 194 1929 re
215 1863 403 1950 persimiles
427 1885 501 1930 esse
524 1864 761 1950 cognoscimus,
785 1863 1061 1952 quodpersonae
1083 1883 1215 1948 semper

88 1989 129 2034 re
152 1967 252 2052 gravi
284 1989 323 2033 ac
347 1966 491 2034 molesta
512 1969 734 2055 perturbatae
765 1967 860 2034 foras
884 1972 1017 2050 exeunt,
1052 1988 1215 2052 nusquam

87 2070 214 2157 gaudio
238 2071 350 2138 elatae
373 2076 461 2138 sunt.
507 2072 606 2141 Licet
628 2073 771 2140 affectus
801 2072 898 2157 huius
927 2073 1088 2138 introitus
1112 2092 1214 2158 quan·

87 2175 216 2242 tumvis
250 2175 446 2257 imminutus
479 2175 542 2259 sit,
583 2176 767 2244 Menander
798 2180 833 2244 et
868 2175 1045 2263 Euripides
1077 2175 1139 2240 hac
1177 2197 1214 2242 re

88 2279 183 2346 inter
206 2301 241 2346 se
264 2302 331 2346 non
354 2279 527 2345 differunt.
571 2280 666 2363 Quae
690 2280 876 2348 similitudo
900 2281 1026 2347 nonin
1049 2279 1213 2345 electione

88 2374 227 2450 tantum
251 2383 408 2466 locorum,
442 2385 531 2471 qnod
553 2385 720 2473 suspicari
742 2387 862 2472 possis,
886 2385 1001 2472 posita
1023 2389 1086 2450 est.
1131 2384 1212 2450 Per·

87 2489 188 2575 pauci
218 2491 358 2555 exstant
387 2488 462 2570 loci,
495 2490 615 2577 quibus
647 2489 784 2556 laetitia
805 2489 956 2556 homines
990 2488 1089 2556 aedes
1113 2488 1215 2576 relin÷

87 2615 193 2682 quere
230 2597 408 2680 eoguntur.
467 2593 570 2681 Apud
606 2594 827 2689 Menandrum
863 2595 944 2662 novi
981 2595 1068 2662 hunc
1101 2617 1212 2678 unum,
1248 2627 1250 2630 ·

87 2700 193 2784 atque
214 2697 243 2766 is
267 2697 441 2784 aliquare
464 2698 637 2767 dissimilis
661 2709 713 2767 est
735 2699 975 2768 loeis'allstis:
1014 2699 1100 2765 Eun.
1118 2700 1212 2766 1031.

87 2801 242 2868 Chaerea
273 2803 309 2868 in
341 2802 492 2896 plateam
524 2804 662 2890 proruit
696 2808 732 2870 et
768 2803 892 2891 gaudio
927 2803 1105 2884 exsultans
1140 2803 1213 2868 uni-

87 2905 196 2974 versis
234 2905 452 2993 popularibus
491 2911 647 2976 enuntiat
684 2910 867 2976 fortunam.
928 2908 1088 2976 Omnibus
1129 2931 1211 2996 quos

88 3009 198 3078 adhuc
227 3011 332 3080 attuli
362 3013 446 3079 locis
477 3012 626 3080 homines
659 3035 794 3080 oausam
817 3014 1087 3102 perturbationis
1112 3014 1214 3080 animi
1306 3035 1308 3039 ·

85 3122 233 3182 naturae
270 3120 451 3195 enarrant,
489 3117 551 3184 hoo
584 3117 658 3185 loco
693 3119 825 3184 iuvenis
858 3140 914 3186 res
944 3119 1106 3186 secundas
1140 3141 1213 3185 cum

86 3219 275 3288 hominibus
309 3222 553 3288 communicare
587 3224 689 3310 cupit.
737 3222 849 3305 Quare
880 3223 1118 3310 cognoscimus,
1155 3246 1213 3289 our

86 3327 159 3390 tam
183 3345 261 3390 raro
285 3325 421 3392 laetitia
451 3327 498 3392 sit
527 3348 629 3393 causa
650 3326 813 3394 adeundi:
850 3327 1001 3394 homines
1031 3328 1116 3394 laeti
1146 3351 1212 3394 non
1270 3373 1272 3378 ,

86 3427 320 3506 solitudinem,
368 3431 427 3497 sed
463 3430 612 3498 homines
651 3437 836 3521 quaerunt,
882 3433 1002 3520 quibus
1029 3433 1213 3500 ¹fortunam

89 3533 260 3600 nuntient.

175 3655 249 3722 nm
279 3657 363 3724 sans
393 3657 434 3723 oe
458 3608 654 3726 neumam.
700 3659 753 3725 ax
775 3659 981 3726 Porsenna
1013 3659 1095 3726 roca
1126 3659 1212 3725 nien

87 3759 169 3826 novi
191 3760 411 3829 addiscimus:

177 3873 357 3942 Mercator.
384 3877 457 3941 700.
489 3876 642 3965 Dorippa
666 3878 753 3958 exit;
777 3877 981 3944 adulterium
1005 3878 1073 3946 viri
1097 3901 1132 3944 se
1155 3879 1211 3944 de·

86 3978 215 4045 texisse
237 3983 315 4047 rata
331 3981 485 4066 queritur
499 3981 671 4048 miseriam
687 4004 789 4048 suam.
824 3982 988 4050 Versibus
1004 3983 1094 4049 Diso.
1113 3985 1209 4050 lobs.

86 4081 294 4149 simillimum
317 4087 370 4150 est
392 4085 513 4172 fragm.
538 4086 618 4151 123:
653 4085 788 4175 Aliquis
820 4087 918 4174 coqui
950 4088 1008 4175 qui
1036 4088 1128 4157 intus
1158 4097 1210 4156 est

86 4187 291 4254 dementiam
312 4188 532 4257 lamentatur.
579 4190 680 4258 Tales
704 4191 853 4273 scaenae,
884 4191 919 4258 in
943 4192 1061 4279 quibus
1085 4192 1207 4281 aliquis

84 4293 180 4372 intus
213 4313 371 4379 egressus
404 4293 445 4361 de
465 4295 611 4378 ¹ratione
643 4296 856 4383 moribusque
889 4297 985 4384 coqui
1016 4297 1108 4364 intus
1132 4318 1208 4365 ver·

86 4395 198 4463 santis
231 4399 405 4481 narrarit,
445 4421 608 4487 persaepe
641 4400 802 4468 videntur
837 4401 874 4467 in
907 4402 1033 4470 fabulis
1068 4401 1207 4470 Graecis
