3098 5204
577 437 578 440 ,
664 453 686 519 7
788 403 790 422 ³

102 674 105 682 -
139 661 143 668 ·
203 627 253 693 At
276 626 358 694 haec
380 627 521 694 fluentia
535 627 665 694 nostris
680 626 916 716 permissa'est
930 626 1051 714 poetis,
1075 649 1142 694 non
1160 629 1237 694 erat

107 731 282 819 antiquis:
306 733 354 799 eis
375 753 467 798 more
484 740 519 798 et
535 731 776 798 consuetudine
798 730 886 798 artis
909 736 1236 819 praeceptumerat,

40 900 50 910 ,
109 839 154 903 ut
178 837 291 904 aditus
314 855 533 926 personarum
547 831 748 923 probarent,
771 836 969 924 ubicumque
983 829 1058 904 ulla
1077 834 1238 924 poterant

109 940 263 1026 ratione3
297 940 386 1028 quod
416 961 457 1008 ex
486 940 679 1008 fabularum
708 941 946 1008 observatione
978 940 1235 1027 cognoscitur¹)·.

203 1045 270 1114 Sed
292 1046 382 1114 actio
406 1045 600 1113 fabularum
631 1045 850 1133 antiquarum
871 1068 945 1114 oum
968 1047 1099 1133 semper
1121 1045 1158 1110 in
1173 1046 1252 1113 ria,

110 1150 171 1218 vel
202 1151 336 1239 publico
367 1155 448 1218 ente
479 1149 580 1223 aedes
611 1151 684 1216 loeo
719 1153 889 1238 ageretur,
932 1151 1044 1240 poetis
1077 1150 1235 1219 scaenicis
1270 1191 1272 1206 ι

110 1253 255 1344 Graecis
278 1255 505 1323 difficultates
530 1255 730 1322 oriebantur
752 1259 909 1343 aptarum
939 1254 1116 1324 causarum
1138 1277 1235 1346 exco-

6 1419 11 1432 .
113 1359 343 1446 gibandarum.
388 1359 511 1447 ltaque
533 1381 601 1426 nou
623 1381 754 1446 semper
776 1360 903 1448 species
926 1359 1009 1428 veri
1025 1363 1162 1428 servata
1180 1363 1234 1426 est

2 1500 9 1515 ·
112 1467 152 1532 et
174 1488 241 1530 non
271 1487 452 1553 numquam
474 1463 641 1532 incensis
673 1465 883 1548 offendimus,
914 1464 1136 1554 ,ubicumque
1159 1462 1235 1530 dra·

7 1617 17 1626 -
110 1569 214 1636 matis
238 1574 474 1656 argumentum
495 1568 601 1636 latius
624 1571 732 1656 patet.
765 1570 865 1638 Nam
887 1591 955 1637 non
979 1571 1085 1636 solum
1107 1569 1235 1636 multae

110 1697 169 1742 res
191 1675 274 1742 locis
298 1697 319 1741 a
344 1678 526 1762 conspectu
558 1671 680 1742 amotis
714 1678 875 1762 aguntur,
908 1675 968 1742 sed
991 1675 1095 1742 etiam
1117 1696 1158 1740 ex
1180 1674 1233 1756 iis,

113 1799 201 1866 quae
224 1801 291 1846 uuo
315 1779 495 1866 eodemque
519 1778 593 1845 loco
616 1782 810 1860 versantur,
843 1777 952 1847 multa
985 1817 1028 1827 -—
1061 1786 1163 1866 atque
1194 1799 1235 1858 ea

1 1922 22 1958 ;,
111 1881 214 1970 saepe
244 1883 447 1969 gravissima
472 1921 508 1932 -
534 1905 601 1948 non
619 1885 723 1950 'aute'
749 1881 860 1967 aedes,
898 1883 957 1952 sed
988 1884 1081 1950 intus
1115 1883 1231 1966 fiuntf‘
1259 1881 1287 1900 ”

13 2039 25 2049 .
111 1987 358 2074 (Fraenkelius,
392 1989 443 2055 De
477 1989 587 2056 media
621 1993 657 2056 et
689 2011 780 2056 nova
814 1989 984 2056 comoedia
1019 1989 1233 2085 quaestiones

111 2094 268 2176 selectae,
292 2093 389 2162 Gott.
414 2093 492 2160 diss.
518 2093 627 2179 1912.)

2 2215 8 2225 '
163 2244 176 2280 4
199 2195 268 2265 Vix
290 2197 465 2264 dicendum
488 2219 560 2264 esse
583 2202 667 2284 puto
689 2201 808 2286 poetas
831 2198 1043 2280 offensiones,
1072 2199 1106 2264 si
1135 2196 1233 2263 modo
1291 2218 1295 2228 ·

2 2319 9 2331 '
111 2302 310 2386 voluissent,
343 2304 474 2370 evitare
496 2299 666 2392 potuisse;
699 2303 820 2370 sed‘ea
842 2304 916 2391 ipsa
940 2326 986 2385 re,
1020 2302 1107 2391 quod
1130 2303 1234 2368 inter-

112 2408 191 2474 dum
215 2408 418 2475 offensiones
432 2411 581 2486 exstant,
604 2429 724 2474 causas
739 2431 807 2474 non
823 2430 956 2495 semper
971 2412 1043 2474 tam
1058 2411 1234 2495 promptas

20 2565 32 2575 .
109 2511 219 2581 fuisse
251 2513 452 2594 ostenditur,
485 2515 525 2578 ut
544 2512 657 2578 ¹facile
680 2516 716 2580 et
738 2516 818 2600 apte
849 2512 1101 2580 adhiberentur.
1149 2509 1233 2586 Cou-

112 2621 310 2684 sentaueum
331 2616 440 2702 igitur
462 2620 515 2684 est
537 2637 660 2684 novam
683 2619 851 2684 rationem
881 2618 1046 2684 introitus
1068 2615 1233 2704 probandi
1259 2658 1261 2666 ι
1338 2703 1340 2708 Ι

111 2719 203 2788 haud
224 2722 375 2808 ineptam
398 2721 501 2807 siquis
525 2727 735 2809 reppererat,
759 2721 884 2790 multos
900 2721 1018 2790 statim
1032 2725 1151 2811 poetas
1175 2722 1237 2796 ada

4 2890 11 2906 ,
112 2824 268 2895 hiboisse.
295 2821 598 2912 'Unde'sequitun
632 2829 673 2892 ut
695 2849 810 2894 earum
832 2831 966 2894 tantum
989 2848 1167 2896 causarum
1190 2815 1254 2892 ab'

29 2948 36 2961 ·
111 2929 278 3017 Euripide
295 2933 539 3017 usurpatorum
560 2931 597 2996 in
618 2929 680 2996 hac
703 2933 901 3018 quaestione
929 2932 1055 2998 mentio
1078 2931 1154 2997 fieri
1176 2930 1233 2997 de·-
1301 2946 1323 2972 ‘-

111 3036 201 3122 beat,
225 3055 308 3121 quas
332 3035 574 3122 cumprimum
596 3034 789 3102 adhibuisse
812 3037 1041 3104 demonstrari
1063 3057 1161 3124 posse
1184 3035 1232 3100 vi·
1301 3059 1303 3064 ·
1358 3065 1359 3068 ¹

29 3195 39 3205 .
112 3138 243 3204 deutur.
289 3137 382 3225 Ergo
406 3140 618 3226 propositum
636 3144 790 3207 nostrum
806 3142 995 3208 accuratius
1018 3142 1071 3208 ita
1093 3141 1232 3207 circum-

112 3243 284 3326 scribitur,
308 3246 348 3309 ut
371 3249 536 3330 quatenus
561 3243 676 3310 comici
698 3245 807 3311 cauus
832 3247 873 3314 ab
897 3245 1059 3332 Euripide
1081 3246 1231 3313 inventis

112 3347 163 3414 usi
186 3347 266 3430 sint,
290 3369 502 3436 quaeramus.
547 3349 671 3436 Itaque
694 3348 797 3416 tritas
821 3349 898 3418 illas
923 3372 1050 3434 causas,

143 3453 227 3531 sive
249 3473 414 3541 personae
437 3453 547 3520 iussae
571 3474 726 3520 scaenam
746 3455 932 3539 introeunt,

156 3557 410 3624 sivemaudato
433 3559 586 3647 perfecto
610 3557 647 3624 in
669 3580 822 3626 scaenam
844 3560 996 3641 redeunt,

157 3661 229 3728 sive
252 3661 288 3726 in
311 3683 464 3728 scaenam
487 3685 529 3728 ex
551 3663 690 3730 aedibus
713 3667 907 3745 evocantur,

156 3765 228 3832 sive
251 3766 388 3852 pulsato
413 3766 499 3831 ostio
523 3766 701 3853 prodeunt,

127 3901 128 3906 ¹
156 3870 285 3936 sivein
310 3893 463 3938 scaenam
486 3871 710 3954 adducuntur,

154 3975 226 4042 sive
249 3975 385 4042 aliunde
409 3977 540 4042 domum
562 3978 716 4060 redeunt,

154 4080 227 4149 sive
250 4079 293 4146 ad
316 4080 528 4167 propositum
551 4081 688 4174 aliquod
709 4081 974 4170 persequendum
990 4071 1228 4169 egrediuntur,

1 4184 3 4218 ⁵
40 4199 47 4284 j
112 4184 423 4272 praetermittamus
448 4189 484 4251 et
507 4185 543 4252 in
565 4187 735 4254 eos‘solos
753 4187 844 4254 locos
859 4187 1061 4274 Euripideos
1084 4187 1230 4253 animum

200 4397 229 4464 1)
246 4396 287 4448 De
306 4396 444 4450 nonnullis
463 4395 540 4464 locis,
569 4397 616 4464 qui
635 4397 789 4466 excipiendi
808 4413 867 4454 esse
886 4398 1020 4467 videntur,
1049 4399 1123 4452 infra
1142 4415 1228 4467 agam.
