3098 5204
621 419 660 484 31

75 559 192 658 ficetis
225 590 395 674 referret,
434 591 622 658 advenerit.
679 591 798 660 Verba
830 593 1024 661 Pithetaeri
1060 595 1203 662 afferam
1464 567 1494 606 ‘⁴

74 698 294 764 neoesseest
312 699 454 785 propter
476 697 618 764 formam
642 697 789 764 exordii:

226 799 263 864 τὰ
288 799 339 884 μὲν
364 801 415 886 ἱέρ’
440 805 510 886 ἡμῖν
534 803 622 885 ἐστιν,
647 801 781 888 ὦρνιθες,
806 803 917 872 καλά’,

227 907 304 969 ἀλλ’
328 910 376 977 ὡς
400 904 459 969 ἀπὸ
482 911 535 970 τοῦ
558 907 678 990 τείχους
699 906 837 992 πάρεστιν
863 907 987 991 ἄγγελος
1072 917 1073 923 ’
1118 962 1120 970 ,

228 1011 335 1093 οὐδείς,
360 1012 429 1074 ὅτου
453 1011 628 1094 πευσόμεθα
650 1012 734 1076 τάκεῖ
756 1012 927 1098 πράγματα.
1108 1069 1110 1074 .
1228 1081 1230 1088 ,

165 1114 268 1203 Apud
289 1114 488 1202 Euripidem
518 1114 599 1182 haec
632 1137 732 1184 causa
762 1116 951 1205 prodeundi
982 1121 1098 1186 exstat
1129 1117 1202 1186 loeo

73 1220 152 1308 Iph.
176 1219 256 1285 Aul.
282 1219 382 1285 1098:
418 1219 670 1304 Clytaemestra
702 1243 743 1288 ex
774 1220 911 1289 aedibus
941 1221 1128 1314 egreditur,
1163 1225 1204 1289 ut

74 1324 363 1412 Agamemnonem
387 1328 577 1411 exspectet:

225 1429 351 1513 ἐξῆλθον
372 1429 465 1493 οἴκων
488 1430 734 1515 προσκοπουμένη
758 1431 853 1514 πόσιν,

227 1535 345 1620 χρόνιον
371 1535 484 1598 ἀπόντα
505 1537 724 1600 κάκλελοιπότα
747 1536 1279 1618 στέγας..

165 1638 267 1706 Alter
296 1638 388 1706 loeus
410 1639 683 1726 Aristophaneus
714 1644 767 1707 est
798 1640 895 1708 ΕοοΙ.
912 1641 987 1723 877,
1023 1663 1088 1728 quo
1119 1662 1203 1708 anus

75 1768 120 1812 ex
142 1744 297 1812 fenestra
318 1744 412 1811 viros
436 1748 629 1832 exspectat:

225 1874 251 1913 τι
245 1849 345 1912 ’ποθ’
369 1850 473 1935 ἄνδρες
497 1851 553 1936 οὐχ
575 1853 714 1935 ἥκουσιν;
740 1848 897 1936 dpud'
880 1875 916 1934 ην
939 1849 1045 1916 πάλαι.

76 1955 166 2022 Uter
188 1958 290 2042 poeta
313 1953 409 2042 prior
430 1953 539 2020 fuerit
561 1954 712 2021 looorum
729 1954 874 2022 formam
898 1954 927 2021 si
943 1957 1085 2042 apertae,
1108 1954 1202 2022 inde·

75 2059 155 2147 gari
186 2083 254 2126 non
287 2061 419 2146 potest;
456 2080 565 2147 neque
600 2059 687 2125 enim
720 2059 787 2126 looi
819 2058 1066 2146 Aristophanei
1097 2057 1203 2126 ullum

77 2165 260 2252 vestigium
283 2163 444 2252 perediae
465 2165 648 2250 praebent,
672 2167 709 2232 et
731 2163 908 2252 Euripidei
929 2185 1048 2231 versus
1071 2164 1201 2251 apertis

78 2271 192 2336 verbis
216 2291 350 2338 oausam
372 2267 534 2351 indioant,
566 2269 603 2335 id
624 2269 723 2357 quod,
757 2269 785 2336 si
807 2269 894 2336 hano
915 2289 1051 2335 eausam
1073 2269 1145 2335 sive
1168 2269 1204 2335 in

79 2396 200 2442 scaena
221 2373 358 2461 tragica
389 2373 461 2441 sive
490 2373 615 2440 oomioa
644 2377 855 2461 spectatores
886 2373 1004 2440 audire
1035 2373 1103 2442 iam
1126 2395 1202 2441 oon·

79 2482 270 2561 sueverant,
292 2478 367 2546 fieri
391 2500 458 2544 nou
482 2500 564 2565 opus
587 2481 675 2546 erat.
718 2478 818 2544 Hane
839 2477 949 2564 igitur
971 2477 1204 2564 quaestionem

78 2583 113 2649 in
136 2583 236 2650 dnbio
259 2582 486 2670 relinquamus
519 2586 555 2650 et
577 2583 796 2671 inquiramus,
832 2581 996 2670 quomodo
1019 2581 1204 2650 Menander

79 2709 118 2756 ea
141 2709 241 2757 eausa
266 2710 345 2754 usus
369 2686 431 2753 sit:

164 2791 397 2860 Heautontim.
417 2793 492 2857 879.
525 2791 684 2860 Chremes
709 2789 787 2858 dum
809 2814 884 2860 oum
905 2813 1010 2857 uxore
1032 2791 1202 2858 introrsus

78 2897 275 2984 loquiturffi)
310 2896 392 2963 exit
437 2897 610 2964 Deinde
600 2918 636 2961 m
669 2918 790 2964 scaena
821 2897 895 2984 ipsa
928 2896 959 2962 ei
989 2895 1026 2960 in
1057 2899 1203 2966 mentem

78 3001 197 3069 venire
220 3001 358 3068 videtur
374 3001 601 3087 Clitiphonem
624 3004 659 3068 et
683 2999 810 3088 Syrum
830 3000 978 3068 nondum
1001 3021 1042 3066 ex
1065 2999 1203 3068 aedibus

81 3106 269 3174 Menedemi
293 3106 433 3174 redisse
478 3106 572 3172 Haeo
595 3108 675 3175 sunt
697 3105 768 3172 eius
791 3107 913 3172 verba:

126 3210 250 3295 „⁰0he
240 3232 307 3278 ram
331 3211 445 3278 desine
468 3210 558 3292 daea,
581 3210 677 3292 uxor,
701 3208 907 3296 gratulando
932 3208 1119 3275 obtundere

122 3320 219 3384 tuem
241 3338 314 3383 esse
334 3315 510 3383 inventam
530 3317 686 3400 gnatam,
709 3314 778 3380 nisi
792 3313 869 3380 illos
893 3335 934 3379 ex
948 3316 1007 3379 tuo
1022 3313 1158 3398 ingenio

973 3416 1114 3499 iudicas,

122 3526 163 3589 ut
184 3522 270 3590 nihil
286 3522 404 3590 eredas
418 3521 631 3607 intellegere,
655 3521 722 3588 nisi
736 3520 824 3588 idem
840 3521 1003 3589 dictumst
1021 3522 1158 3590 senties

124 3629 195 3696 sed
216 3628 353 3695 interim
383 3627 464 3715 quid
494 3625 566 3694 illio
588 3626 781 3694 iamdudum
803 3630 929 3713 gnatus
951 3633 1064 3694 cessat
1084 3649 1160 3694 oum

980 3729 1111 3818 SyroP“

166 3833 232 3916 Qui
254 3856 372 3901 versus
395 3834 576 3904 manifesto
595 3832 734 3900 eandem
749 3832 892 3900 formam
908 3835 1081 3920 exhibent,
1102 3858 1202 3924 quam

172 4011 292 4079 l)Heec
311 4009 402 4064 forma
420 4011 556 4066 introrsus
570 4009 707 4080 loquendi,
728 4026 808 4078 quam
828 4020 927 4078 poetae
946 4026 1032 4066 novae
1045 4011 1202 4068 comoediae

78 4099 210 4154 sescentis
235 4098 304 4152 locis
330 4098 522 4167 adhibuerunt,
551 4117 585 4155 ex
612 4097 753 4154 comoedia
778 4105 871 4154 vetere
896 4100 999 4154 oritur:
1030 4100 1063 4153 In
1082 4101 1203 4160 Acheru.

79 4205 101 4241 ν.
118 4191 186 4242 1003
206 4187 380 4256 Dioeeopolis
400 4187 464 4241 dum
477 4195 591 4258 propter
605 4188 781 4256 praeconium
801 4189 865 4255 exit,
886 4189 1022 4243 introrsus
1042 4205 1103 4244 cum
1115 4190 1201 4244 servis

78 4283 105 4332 et
123 4276 284 4331 mulieribus
302 4275 426 4344 loquitur
445 4282 528 4346 etque
554 4277 665 4346 negotia
683 4276 804 4332 mandat.
842 4277 895 4333 Hio
919 4293 989 4333 unus
1015 4278 1091 4332 locus
1110 4278 1139 4331 in
1158 4294 1202 4333 co·

78 4365 186 4422 moedis
203 4372 296 4420 vetere
315 4371 414 4421 exstat.
