<?xml version="1.0" encoding="UTF-8"?>
<!DOCTYPE html PUBLIC "-//W3C//DTD XHTML 1.0 Transitional//EN"
    "http://www.w3.org/TR/xhtml1/DTD/xhtml1-transitional.dtd">
<html xmlns="http://www.w3.org/1999/xhtml" xml:lang="en" lang="en">
 <head>
  <title>
</title>
<meta http-equiv="Content-Type" content="text/html;charset=utf-8" />
  <meta name='ocr-system' content='tesseract 3.04.00' />
  <meta name='ocr-capabilities' content='ocr_page ocr_carea ocr_par ocr_line ocrx_word'/>
</head>
<body>
  <div class='ocr_page' id='page_1' title='image "./deintroituperso00harmgoog_0024.png"; bbox 0 0 3098 5204; ppageno 0'>
   <div class='ocr_carea' id='block_1_1' title="bbox 625 466 726 550">
    <p class='ocr_par' dir='ltr' id='par_1_1' title="bbox 625 466 726 550">
     <span class='ocr_line' id='line_1_1' title="bbox 625 466 726 550; baseline -0.01 -20"><span class='ocrx_word' id='word_1_1' title='bbox 625 466 726 550; x_wconf 23' lang='lat'>13⁴</span> 
     </span>
    </p>
   </div>
   <div class='ocr_carea' id='block_1_2' title="bbox 46 621 1286 3345">
    <p class='ocr_par' dir='ltr' id='par_1_2' title="bbox 297 621 948 828">
     <span class='ocr_line' id='line_1_2' title="bbox 297 621 948 724; baseline -0.002 -22"><span class='ocrx_word' id='word_1_2' title='bbox 297 621 419 704; x_wconf 70' lang='lat' dir='ltr'>torritii</span> <span class='ocrx_word' id='word_1_3' title='bbox 442 664 494 703; x_wconf 85' lang='grc' dir='ltr'>του</span> <span class='ocrx_word' id='word_1_4' title='bbox 518 641 670 724; x_wconf 82' lang='grc' dir='ltr'>παρόντος,</span> <span class='ocrx_word' id='word_1_5' title='bbox 694 633 774 724; x_wconf 77' lang='grc' dir='ltr'>ἡνίχ’</span> <span class='ocrx_word' id='word_1_6' title='bbox 799 629 876 724; x_wconf 69' lang='grc' dir='ltr'>ἡλίῳ</span> <span class='ocrx_word' id='word_1_7' title='bbox 946 630 948 632; x_wconf 44' lang='grc'><strong>’</strong></span> 
     </span>
     <span class='ocr_line' id='line_1_3' title="bbox 297 743 924 828; baseline 0.005 -22"><span class='ocrx_word' id='word_1_8' title='bbox 297 745 425 808; x_wconf 79' lang='grc' dir='ltr'>δείκνυσι</span> <span class='ocrx_word' id='word_1_9' title='bbox 448 743 564 828; x_wconf 77' lang='grc' dir='ltr'>τοῦναρ,</span> <span class='ocrx_word' id='word_1_10' title='bbox 590 743 692 808; x_wconf 81' lang='grc' dir='ltr'>ἔκλυον</span> <span class='ocrx_word' id='word_1_11' title='bbox 713 745 924 828; x_wconf 77' lang='grc' dir='ltr'>ἐξηγουμένου.</span> 
     </span>
    </p>

    <p class='ocr_par' dir='ltr' id='par_1_3' title="bbox 85 845 1286 2091">
     <span class='ocr_line' id='line_1_4' title="bbox 85 845 1208 932; baseline -0.003 -17"><span class='ocrx_word' id='word_1_12' title='bbox 85 848 145 915; x_wconf 86' lang='lat' dir='ltr'>Ad</span> <span class='ocrx_word' id='word_1_13' title='bbox 174 848 261 917; x_wconf 87' lang='lat' dir='ltr'>huno</span> <span class='ocrx_word' id='word_1_14' title='bbox 290 848 399 917; x_wconf 86' lang='lat' dir='ltr'>locum</span> <span class='ocrx_word' id='word_1_15' title='bbox 428 848 556 919; x_wconf 87' lang='lat' dir='ltr'>scholia</span> <span class='ocrx_word' id='word_1_16' title='bbox 577 848 813 916; x_wconf 70' lang='lat' dir='ltr'>Laurentiana&#39;</span> <span class='ocrx_word' id='word_1_17' title='bbox 841 848 1023 916; x_wconf 84' lang='lat' dir='ltr'>adnotant:</span> <span class='ocrx_word' id='word_1_18' title='bbox 1062 851 1122 920; x_wconf 82' lang='grc' dir='ltr'>τοῖς</span> <span class='ocrx_word' id='word_1_19' title='bbox 1152 845 1208 932; x_wconf 74' lang='grc' dir='ltr'>γὰρ</span> 
     </span>
     <span class='ocr_line' id='line_1_5' title="bbox 86 940 1210 1040; baseline 0.001 -24"><span class='ocrx_word' id='word_1_20' title='bbox 86 957 224 1024; x_wconf 78' lang='grc' dir='ltr'>παλαιοῖς</span> <span class='ocrx_word' id='word_1_21' title='bbox 241 953 311 1026; x_wconf 77' lang='grc' dir='ltr'>ἔθος</span> <span class='ocrx_word' id='word_1_22' title='bbox 327 955 363 1038; x_wconf 76' lang='grc' dir='ltr'>ἦν</span> <span class='ocrx_word' id='word_1_23' title='bbox 387 955 807 1039; x_wconf 76' lang='grc' dir='ltr'>ἀποτροπιαζομένοιυς</span> <span class='ocrx_word' id='word_1_24' title='bbox 830 957 872 1040; x_wconf 74' lang='grc' dir='ltr'>τῷ</span> <span class='ocrx_word' id='word_1_25' title='bbox 891 955 968 1040; x_wconf 83' lang='grc' dir='ltr'>ἡλίῳ</span> <span class='ocrx_word' id='word_1_26' title='bbox 986 955 1157 1038; x_wconf 68' lang='grc' dir='ltr'>διηγεῖσθαι</span> <span class='ocrx_word' id='word_1_27' title='bbox 1173 940 1210 1017; x_wconf 82' lang='lat' dir='ltr'>rol</span> 
     </span>
     <span class='ocr_line' id='line_1_6' title="bbox 87 1057 1209 1144; baseline 0.001 -22"><span class='ocrx_word' id='word_1_28' title='bbox 87 1059 235 1144; x_wconf 81' lang='grc' dir='ltr'>ὀνείρατα.</span> <span class='ocrx_word' id='word_1_29' title='bbox 268 1059 458 1126; x_wconf 80' lang='lat' dir='ltr'>&#39;Kaibelius</span> <span class='ocrx_word' id='word_1_30' title='bbox 490 1081 546 1126; x_wconf 87' lang='lat' dir='ltr'>eos</span> <span class='ocrx_word' id='word_1_31' title='bbox 569 1080 687 1126; x_wconf 83' lang='lat' dir='ltr'>versus</span> <span class='ocrx_word' id='word_1_32' title='bbox 712 1057 870 1126; x_wconf 74' lang='lat' dir='ltr'>Electrae</span> <span class='ocrx_word' id='word_1_33' title='bbox 900 1059 936 1123; x_wconf 89' lang='lat' dir='ltr'>in</span> <span class='ocrx_word' id='word_1_34' title='bbox 966 1058 1053 1126; x_wconf 86' lang='lat' dir='ltr'>hunc</span> <span class='ocrx_word' id='word_1_35' title='bbox 1076 1057 1209 1124; x_wconf 87' lang='lat' dir='ltr'>modum</span> 
     </span>
     <span class='ocr_line' id='line_1_7' title="bbox 87 1161 1279 1252; baseline 0 -22"><span class='ocrx_word' id='word_1_36' title='bbox 87 1163 238 1251; x_wconf 84' lang='lat' dir='ltr'>explieat</span> <span class='ocrx_word' id='word_1_37' title='bbox 253 1189 285 1252; x_wconf 91' lang='lat' dir='ltr'>p.</span> <span class='ocrx_word' id='word_1_38' title='bbox 300 1165 379 1230; x_wconf 82' lang='lat'>137:</span> <span class='ocrx_word' id='word_1_39' title='bbox 406 1163 495 1247; x_wconf 79' lang='lat' dir='ltr'>„Das</span> <span class='ocrx_word' id='word_1_40' title='bbox 513 1166 604 1234; x_wconf 77' lang='grc' dir='ltr'>δεῖξαι</span> <span class='ocrx_word' id='word_1_41' title='bbox 620 1161 741 1250; x_wconf 72' lang='lat' dir='ltr'>&lt;wird&gt;</span> <span class='ocrx_word' id='word_1_42' title='bbox 752 1163 848 1231; x_wconf 88' lang='lat' dir='ltr'>nieht</span> <span class='ocrx_word' id='word_1_43' title='bbox 862 1162 913 1229; x_wconf 88' lang='lat' dir='ltr'>als</span> <span class='ocrx_word' id='word_1_44' title='bbox 930 1163 1206 1251; x_wconf 78' lang='lat' dir='ltr'>apotropiiisohes</span> <span class='ocrx_word' id='word_1_45' title='bbox 1278 1175 1279 1178; x_wconf 76' lang='grc'>’</span> 
     </span>
     <span class='ocr_line' id='line_1_8' title="bbox 88 1265 1207 1353; baseline -0.004 -18"><span class='ocrx_word' id='word_1_46' title='bbox 88 1268 201 1336; x_wconf 80' lang='lat' dir='ltr'>Gebet</span> <span class='ocrx_word' id='word_1_47' title='bbox 223 1279 267 1335; x_wconf 78' lang='grc' dir='ltr'>αα</span> <span class='ocrx_word' id='word_1_48' title='bbox 288 1269 403 1336; x_wconf 84' lang='lat' dir='ltr'>fassen</span> <span class='ocrx_word' id='word_1_49' title='bbox 426 1269 506 1351; x_wconf 88' lang='lat' dir='ltr'>sein,</span> <span class='ocrx_word' id='word_1_50' title='bbox 531 1267 677 1336; x_wconf 89' lang='lat' dir='ltr'>sondern</span> <span class='ocrx_word' id='word_1_51' title='bbox 696 1269 764 1336; x_wconf 58' lang='lat' dir='ltr'>‘wie</span> <span class='ocrx_word' id='word_1_52' title='bbox 787 1267 841 1335; x_wconf 91' lang='lat' dir='ltr'>bei</span> <span class='ocrx_word' id='word_1_53' title='bbox 856 1265 953 1334; x_wconf 86' lang='lat' dir='ltr'>Pind.</span> <span class='ocrx_word' id='word_1_54' title='bbox 977 1268 1020 1334; x_wconf 80' lang='lat' dir='ltr'>ir.</span> <span class='ocrx_word' id='word_1_55' title='bbox 1036 1269 1079 1334; x_wconf 77' lang='lat'>42</span> <span class='ocrx_word' id='word_1_56' title='bbox 1102 1267 1207 1353; x_wconf 85' lang='lat' dir='ltr'>ng.:</span> 
     </span>
     <span class='ocr_line' id='line_1_9' title="bbox 87 1360 1209 1459; baseline -0.001 -22"><span class='ocrx_word' id='word_1_57' title='bbox 87 1377 189 1437; x_wconf 86' lang='grc' dir='ltr'>καλῶν</span> <span class='ocrx_word' id='word_1_58' title='bbox 223 1373 275 1456; x_wconf 82' lang='grc' dir='ltr'>μὲν</span> <span class='ocrx_word' id='word_1_59' title='bbox 306 1377 347 1437; x_wconf 82' lang='grc' dir='ltr'>ὧν</span> <span class='ocrx_word' id='word_1_60' title='bbox 382 1374 484 1458; x_wconf 79' lang='grc' dir='ltr'>μοῖράν</span> <span class='ocrx_word' id='word_1_61' title='bbox 514 1399 545 1456; x_wconf 75' lang='grc' dir='ltr'>ιε</span> <span class='ocrx_word' id='word_1_62' title='bbox 579 1381 709 1459; x_wconf 82' lang='grc' dir='ltr'>τερπνῶν</span> <span class='ocrx_word' id='word_1_63' title='bbox 732 1375 770 1448; x_wconf 17' lang='grc' dir='ltr'>Ᾰές</span> <span class='ocrx_word' id='word_1_64' title='bbox 803 1360 891 1457; x_wconf 64' lang='lat' dir='ltr'>asota</span> <span class='ocrx_word' id='word_1_65' title='bbox 922 1371 984 1458; x_wconf 79' lang='grc' dir='ltr'>χρὴ</span> <span class='ocrx_word' id='word_1_66' title='bbox 1015 1377 1101 1438; x_wconf 87' lang='grc' dir='ltr'>παντὶ</span> <span class='ocrx_word' id='word_1_67' title='bbox 1132 1376 1209 1438; x_wconf 86' lang='grc' dir='ltr'>λαῶι</span> 
     </span>
     <span class='ocr_line' id='line_1_10' title="bbox 89 1471 1210 1569; baseline 0 -27"><span class='ocrx_word' id='word_1_68' title='bbox 89 1480 245 1545; x_wconf 81' lang='grc' dir='ltr'>δεικνύναι.</span> <span class='ocrx_word' id='word_1_69' title='bbox 289 1479 341 1547; x_wconf 89' lang='lat' dir='ltr'>At</span> <span class='ocrx_word' id='word_1_70' title='bbox 364 1479 450 1546; x_wconf 88' lang='lat' dir='ltr'>enim</span> <span class='ocrx_word' id='word_1_71' title='bbox 474 1478 585 1545; x_wconf 88' lang='lat' dir='ltr'>virum</span> <span class='ocrx_word' id='word_1_72' title='bbox 607 1478 742 1569; x_wconf 81' lang='lat' dir='ltr'>doctum</span> <span class='ocrx_word' id='word_1_73' title='bbox 767 1501 835 1545; x_wconf 87' lang='lat' dir='ltr'>non</span> <span class='ocrx_word' id='word_1_74' title='bbox 857 1471 953 1544; x_wconf 83' lang='lat' dir='ltr'>recte</span> <span class='ocrx_word' id='word_1_75' title='bbox 974 1476 1122 1545; x_wconf 86' lang='lat' dir='ltr'>iudicare</span> <span class='ocrx_word' id='word_1_76' title='bbox 1144 1477 1210 1544; x_wconf 88' lang='lat' dir='ltr'>looi</span> 
     </span>
     <span class='ocr_line' id='line_1_11' title="bbox 89 1581 1286 1672; baseline -0.001 -24"><span class='ocrx_word' id='word_1_77' title='bbox 89 1583 283 1671; x_wconf 84' lang='lat' dir='ltr'>Euripidei‚</span> <span class='ocrx_word' id='word_1_78' title='bbox 318 1606 458 1672; x_wconf 84' lang='lat' dir='ltr'>quorum</span> <span class='ocrx_word' id='word_1_79' title='bbox 491 1607 591 1659; x_wconf 83' lang='lat' dir='ltr'>unam</span> <span class='ocrx_word' id='word_1_80' title='bbox 621 1586 774 1666; x_wconf 87' lang='lat' dir='ltr'>tantum,</span> <span class='ocrx_word' id='word_1_81' title='bbox 809 1582 883 1671; x_wconf 86' lang='lat' dir='ltr'>lph.</span> <span class='ocrx_word' id='word_1_82' title='bbox 906 1581 1008 1649; x_wconf 81' lang='lat' dir='ltr'>Taur.</span> <span class='ocrx_word' id='word_1_83' title='bbox 1044 1607 1074 1650; x_wconf 75' lang='lat' dir='ltr'>v.</span> <span class='ocrx_word' id='word_1_84' title='bbox 1098 1582 1208 1667; x_wconf 66' lang='lat'>42143,</span> <span class='ocrx_word' id='word_1_85' title='bbox 1284 1623 1286 1626; x_wconf 92' lang='lat'><em>-</em></span> 
     </span>
     <span class='ocr_line' id='line_1_12' title="bbox 90 1687 1208 1778; baseline -0.002 -24"><span class='ocrx_word' id='word_1_86' title='bbox 90 1689 243 1776; x_wconf 85' lang='lat' dir='ltr'>respexit</span> <span class='ocrx_word' id='word_1_87' title='bbox 265 1693 300 1756; x_wconf 86' lang='lat' dir='ltr'>et</span> <span class='ocrx_word' id='word_1_88' title='bbox 332 1688 462 1771; x_wconf 83' lang='lat' dir='ltr'>attulit,</span> <span class='ocrx_word' id='word_1_89' title='bbox 497 1710 572 1756; x_wconf 88' lang='lat' dir='ltr'>mea</span> <span class='ocrx_word' id='word_1_90' title='bbox 601 1687 734 1775; x_wconf 81' lang='lat' dir='ltr'>quidem</span> <span class='ocrx_word' id='word_1_91' title='bbox 765 1689 936 1754; x_wconf 84' lang='lat' dir='ltr'>sententia</span> <span class='ocrx_word' id='word_1_92' title='bbox 964 1687 1208 1778; x_wconf 81' lang='lat' dir='ltr'>demonstrant,</span> 
     </span>
     <span class='ocr_line' id='line_1_13' title="bbox 90 1791 1206 1875; baseline -0.002 -16"><span class='ocrx_word' id='word_1_93' title='bbox 90 1796 220 1860; x_wconf 88' lang='lat' dir='ltr'>utnon</span> <span class='ocrx_word' id='word_1_94' title='bbox 241 1792 432 1875; x_wconf 86' lang='lat' dir='ltr'>habeamus,</span> <span class='ocrx_word' id='word_1_95' title='bbox 464 1816 524 1858; x_wconf 85' lang='lat' dir='ltr'>car</span> <span class='ocrx_word' id='word_1_96' title='bbox 545 1793 724 1860; x_wconf 83' lang='lat' dir='ltr'>reiciamus</span> <span class='ocrx_word' id='word_1_97' title='bbox 748 1791 910 1858; x_wconf 86' lang='lat' dir='ltr'>scholium</span> <span class='ocrx_word' id='word_1_98' title='bbox 931 1791 1206 1859; x_wconf 86' lang='lat' dir='ltr'>Laurentianom.</span> 
     </span>
     <span class='ocr_line' id='line_1_14' title="bbox 91 1895 1210 1985; baseline 0.002 -23"><span class='ocrx_word' id='word_1_99' title='bbox 91 1896 278 1966; x_wconf 83' lang='lat' dir='ltr'>Praeterea</span> <span class='ocrx_word' id='word_1_100' title='bbox 315 1898 401 1966; x_wconf 87' lang='lat' dir='ltr'>hano</span> <span class='ocrx_word' id='word_1_101' title='bbox 443 1898 703 1985; x_wconf 77' lang='lat' dir='ltr'>explicationem</span> <span class='ocrx_word' id='word_1_102' title='bbox 748 1895 931 1964; x_wconf 87' lang='lat' dir='ltr'>scholiasta</span> <span class='ocrx_word' id='word_1_103' title='bbox 964 1919 1032 1964; x_wconf 88' lang='lat' dir='ltr'>non</span> <span class='ocrx_word' id='word_1_104' title='bbox 1069 1920 1110 1964; x_wconf 85' lang='lat' dir='ltr'>ex</span> <span class='ocrx_word' id='word_1_105' title='bbox 1147 1897 1210 1964; x_wconf 90' lang='lat' dir='ltr'>hoo</span> 
     </span>
     <span class='ocr_line' id='line_1_15' title="bbox 88 2001 1233 2091; baseline 0 -23"><span class='ocrx_word' id='word_1_106' title='bbox 88 2001 164 2069; x_wconf 89' lang='lat' dir='ltr'>looo</span> <span class='ocrx_word' id='word_1_107' title='bbox 180 2001 365 2091; x_wconf 86' lang='lat' dir='ltr'>Sophocleo</span> <span class='ocrx_word' id='word_1_108' title='bbox 382 2002 513 2084; x_wconf 76' lang='lat' dir='ltr'>(lucere,</span> <span class='ocrx_word' id='word_1_109' title='bbox 533 2002 592 2070; x_wconf 82' lang='lat' dir='ltr'>sed</span> <span class='ocrx_word' id='word_1_110' title='bbox 607 2024 724 2070; x_wconf 88' lang='lat' dir='ltr'>verum</span> <span class='ocrx_word' id='word_1_111' title='bbox 735 2023 865 2068; x_wconf 86' lang='lat' dir='ltr'>morem</span> <span class='ocrx_word' id='word_1_112' title='bbox 880 2001 1012 2068; x_wconf 87' lang='lat' dir='ltr'>referre</span> <span class='ocrx_word' id='word_1_113' title='bbox 1029 2002 1165 2069; x_wconf 87' lang='lat' dir='ltr'>videtur</span> <span class='ocrx_word' id='word_1_114' title='bbox 1175 2002 1208 2086; x_wconf 83' lang='lat'>¹).</span> <span class='ocrx_word' id='word_1_115' title='bbox 1232 2045 1233 2048; x_wconf 58' lang='lat'><em>=</em></span> 
     </span>
    </p>

    <p class='ocr_par' dir='ltr' id='par_1_4' title="bbox 89 2104 1214 2613">
     <span class='ocr_line' id='line_1_16' title="bbox 178 2104 1214 2198; baseline 0 -25"><span class='ocrx_word' id='word_1_116' title='bbox 178 2108 303 2196; x_wconf 86' lang='lat' dir='ltr'>ltaque¹</span> <span class='ocrx_word' id='word_1_117' title='bbox 333 2107 444 2195; x_wconf 85' lang='lat' dir='ltr'>quivis</span> <span class='ocrx_word' id='word_1_118' title='bbox 478 2110 581 2193; x_wconf 85' lang='lat' dir='ltr'>poeta</span> <span class='ocrx_word' id='word_1_119' title='bbox 615 2128 686 2173; x_wconf 89' lang='lat' dir='ltr'>eam</span> <span class='ocrx_word' id='word_1_120' title='bbox 723 2127 859 2173; x_wconf 88' lang='lat' dir='ltr'>oausam</span> <span class='ocrx_word' id='word_1_121' title='bbox 892 2104 1051 2172; x_wconf 87' lang='lat' dir='ltr'>adhibere</span> <span class='ocrx_word' id='word_1_122' title='bbox 1084 2107 1214 2198; x_wconf 81' lang='lat' dir='ltr'>potuit,¹</span> 
     </span>
     <span class='ocr_line' id='line_1_17' title="bbox 89 2198 1210 2299; baseline 0 -22"><span class='ocrx_word' id='word_1_123' title='bbox 89 2233 199 2299; x_wconf 82' lang='lat' dir='ltr'>noque</span> <span class='ocrx_word' id='word_1_124' title='bbox 230 2213 304 2299; x_wconf 90' lang='lat' dir='ltr'>quis</span> <span class='ocrx_word' id='word_1_125' title='bbox 336 2234 376 2279; x_wconf 92' lang='lat' dir='ltr'>ea</span> <span class='ocrx_word' id='word_1_126' title='bbox 406 2211 533 2298; x_wconf 87' lang='lat' dir='ltr'>primus</span> <span class='ocrx_word' id='word_1_127' title='bbox 563 2232 642 2278; x_wconf 86' lang='lat' dir='ltr'>usus</span> <span class='ocrx_word' id='word_1_128' title='bbox 673 2211 719 2276; x_wconf 87' lang='lat' dir='ltr'>sit</span> <span class='ocrx_word' id='word_1_129' title='bbox 751 2211 825 2278; x_wconf 88' lang='lat' dir='ltr'>erui</span> <span class='ocrx_word' id='word_1_130' title='bbox 854 2198 979 2297; x_wconf 82' lang='lat' dir='ltr'>potest.</span> <span class='ocrx_word' id='word_1_131' title='bbox 1025 2211 1117 2298; x_wconf 82' lang='lat' dir='ltr'>Ergo</span> <span class='ocrx_word' id='word_1_132' title='bbox 1140 2211 1210 2277; x_wconf 87' lang='lat' dir='ltr'>noli</span> 
     </span>
     <span class='ocr_line' id='line_1_18' title="bbox 90 2313 1211 2403; baseline -0.002 -20"><span class='ocrx_word' id='word_1_133' title='bbox 90 2317 296 2384; x_wconf 86' lang='lat' dir='ltr'>contendere</span> <span class='ocrx_word' id='word_1_134' title='bbox 319 2317 492 2402; x_wconf 85' lang='lat' dir='ltr'><strong>Diphilum</strong></span> <span class='ocrx_word' id='word_1_135' title='bbox 523 2338 648 2384; x_wconf 88' lang='lat' dir='ltr'>morem</span> <span class='ocrx_word' id='word_1_136' title='bbox 675 2313 848 2403; x_wconf 77' lang='lat' dir='ltr'>Euripidis</span> <span class='ocrx_word' id='word_1_137' title='bbox 881 2314 937 2382; x_wconf 90' lang='lat' dir='ltr'>vel</span> <span class='ocrx_word' id='word_1_138' title='bbox 968 2315 1054 2381; x_wconf 84' lang='lat' dir='ltr'>alius</span> <span class='ocrx_word' id='word_1_139' title='bbox 1085 2315 1211 2401; x_wconf 82' lang='lat' dir='ltr'>tragici</span> 
     </span>
     <span class='ocr_line' id='line_1_19' title="bbox 89 2403 1211 2510; baseline -0.003 -22"><span class='ocrx_word' id='word_1_140' title='bbox 89 2421 262 2489; x_wconf 86' lang='lat' dir='ltr'>imitatum</span> <span class='ocrx_word' id='word_1_141' title='bbox 286 2443 369 2504; x_wconf 83' lang='lat' dir='ltr'>esse,</span> <span class='ocrx_word' id='word_1_142' title='bbox 397 2422 513 2510; x_wconf 86' lang='lat' dir='ltr'>quiin</span> <span class='ocrx_word' id='word_1_143' title='bbox 534 2410 623 2487; x_wconf 74' lang='lat' dir='ltr'>Ruti.</span> <span class='ocrx_word' id='word_1_144' title='bbox 646 2403 679 2488; x_wconf 74' lang='grc' dir='ltr'>ν.</span> <span class='ocrx_word' id='word_1_145' title='bbox 701 2420 765 2487; x_wconf 83' lang='grc'>593</span> <span class='ocrx_word' id='word_1_146' title='bbox 788 2420 994 2486; x_wconf 87' lang='lat' dir='ltr'>Daemonem</span> <span class='ocrx_word' id='word_1_147' title='bbox 1015 2422 1211 2486; x_wconf 84' lang='lat' dir='ltr'>narrantem</span> 
     </span>
     <span class='ocr_line' id='line_1_20' title="bbox 91 2525 922 2613; baseline 0 -22"><span class='ocrx_word' id='word_1_148' title='bbox 91 2525 174 2613; x_wconf 89' lang='lat' dir='ltr'>quid</span> <span class='ocrx_word' id='word_1_149' title='bbox 196 2526 418 2594; x_wconf 82' lang='lat' dir='ltr'>somniaverit</span> <span class='ocrx_word' id='word_1_150' title='bbox 439 2525 579 2594; x_wconf 87' lang='lat' dir='ltr'>inducit.</span> <span class='ocrx_word' id='word_1_151' title='bbox 921 2597 922 2602; x_wconf 8' lang='grc' dir='ltr'>γ</span> 
     </span>
    </p>

    <p class='ocr_par' dir='ltr' id='par_1_5' title="bbox 46 2627 1213 3345">
     <span class='ocr_line' id='line_1_21' title="bbox 180 2627 1211 2715; baseline -0.004 -19"><span class='ocrx_word' id='word_1_152' title='bbox 180 2631 255 2697; x_wconf 88' lang='lat' dir='ltr'>Iam</span> <span class='ocrx_word' id='word_1_153' title='bbox 283 2634 395 2698; x_wconf 84' lang='lat' dir='ltr'>restat</span> <span class='ocrx_word' id='word_1_154' title='bbox 412 2627 509 2697; x_wconf 83' lang='lat' dir='ltr'>¹unus</span> <span class='ocrx_word' id='word_1_155' title='bbox 543 2630 635 2696; x_wconf 82' lang='lat' dir='ltr'>locus</span> <span class='ocrx_word' id='word_1_156' title='bbox 658 2627 883 2715; x_wconf 74' lang='lat' dir='ltr'>AeschyleuS,</span> <span class='ocrx_word' id='word_1_157' title='bbox 919 2627 977 2715; x_wconf 88' lang='lat' dir='ltr'>qui</span> <span class='ocrx_word' id='word_1_158' title='bbox 1008 2627 1211 2694; x_wconf 84' lang='lat' dir='ltr'>sententiam</span> 
     </span>
     <span class='ocr_line' id='line_1_22' title="bbox 92 2731 1211 2825; baseline -0.004 -25"><span class='ocrx_word' id='word_1_159' title='bbox 92 2759 193 2822; x_wconf 83' lang='lat' dir='ltr'>qaam</span> <span class='ocrx_word' id='word_1_160' title='bbox 225 2758 328 2825; x_wconf 89' lang='lat' dir='ltr'>supra</span> <span class='ocrx_word' id='word_1_161' title='bbox 356 2735 517 2824; x_wconf 89' lang='lat' dir='ltr'>proposui</span> <span class='ocrx_word' id='word_1_162' title='bbox 539 2735 736 2801; x_wconf 81' lang='lat' dir='ltr'>dissuadere</span> <span class='ocrx_word' id='word_1_163' title='bbox 758 2732 874 2820; x_wconf 86' lang='lat' dir='ltr'>possit.</span> <span class='ocrx_word' id='word_1_164' title='bbox 920 2731 1099 2798; x_wconf 84' lang='lat' dir='ltr'>Reisohius</span> <span class='ocrx_word' id='word_1_165' title='bbox 1123 2731 1211 2798; x_wconf 89' lang='lat' dir='ltr'>enim</span> 
     </span>
     <span class='ocr_line' id='line_1_23' title="bbox 91 2835 1210 2924; baseline -0.004 -16"><span class='ocrx_word' id='word_1_166' title='bbox 91 2842 129 2908; x_wconf 86' lang='lat' dir='ltr'>in</span> <span class='ocrx_word' id='word_1_167' title='bbox 157 2840 246 2908; x_wconf 89' lang='lat' dir='ltr'>libro</span> <span class='ocrx_word' id='word_1_168' title='bbox 277 2841 317 2907; x_wconf 86' lang='lat' dir='ltr'>de</span> <span class='ocrx_word' id='word_1_169' title='bbox 347 2841 482 2907; x_wconf 86' lang='lat' dir='ltr'>theatro</span> <span class='ocrx_word' id='word_1_170' title='bbox 507 2837 636 2910; x_wconf 77' lang='lat' dir='ltr'>Graeco</span> <span class='ocrx_word' id='word_1_171' title='bbox 668 2860 736 2905; x_wconf 88' lang='lat' dir='ltr'>una</span> <span class='ocrx_word' id='word_1_172' title='bbox 765 2861 838 2905; x_wconf 87' lang='lat' dir='ltr'>oum</span> <span class='ocrx_word' id='word_1_173' title='bbox 867 2835 1098 2924; x_wconf 50' lang='lat' dir='ltr'>Doerpfeldio,</span> <span class='ocrx_word' id='word_1_174' title='bbox 1119 2835 1210 2913; x_wconf 82' lang='lat' dir='ltr'>edito</span> 
     </span>
     <span class='ocr_line' id='line_1_24' title="bbox 46 2942 1212 3033; baseline -0.003 -22"><span class='ocrx_word' id='word_1_175' title='bbox 46 3017 48 3021; x_wconf 68' lang='lat'>,</span> <span class='ocrx_word' id='word_1_176' title='bbox 92 2946 138 3033; x_wconf 84' lang='lat' dir='ltr'>(p.</span> <span class='ocrx_word' id='word_1_177' title='bbox 162 2946 238 3032; x_wconf 83' lang='lat'>240)</span> <span class='ocrx_word' id='word_1_178' title='bbox 260 2946 333 3012; x_wconf 90' lang='lat' dir='ltr'>looo</span> <span class='ocrx_word' id='word_1_179' title='bbox 357 2945 478 3032; x_wconf 85' lang='lat' dir='ltr'>Agam.</span> <span class='ocrx_word' id='word_1_180' title='bbox 503 2967 534 3010; x_wconf 89' lang='lat' dir='ltr'>v.</span> <span class='ocrx_word' id='word_1_181' title='bbox 560 2944 644 3009; x_wconf 79' lang='lat'><strong>1372</strong></span> <span class='ocrx_word' id='word_1_182' title='bbox 668 2942 955 3029; x_wconf 74' lang='lat' dir='ltr'>Clytaemestram</span> <span class='ocrx_word' id='word_1_183' title='bbox 978 2942 1105 3009; x_wconf 86' lang='lat' dir='ltr'>affectu</span> <span class='ocrx_word' id='word_1_184' title='bbox 1126 2963 1212 3008; x_wconf 87' lang='lat' dir='ltr'>oom-</span> 
     </span>
     <span class='ocr_line' id='line_1_25' title="bbox 92 3045 1211 3137; baseline -0.004 -22"><span class='ocrx_word' id='word_1_185' title='bbox 92 3056 219 3117; x_wconf 89' lang='lat' dir='ltr'>motam</span> <span class='ocrx_word' id='word_1_186' title='bbox 234 3050 415 3137; x_wconf 77' lang='lat' dir='ltr'>procedere</span> <span class='ocrx_word' id='word_1_187' title='bbox 432 3049 592 3137; x_wconf 74' lang='lat' dir='ltr'>opinatur</span> <span class='ocrx_word' id='word_1_188' title='bbox 614 3046 719 3134; x_wconf 82' lang='lat' dir='ltr'>(„voll</span> <span class='ocrx_word' id='word_1_189' title='bbox 734 3048 905 3134; x_wconf 84' lang='lat' dir='ltr'>trotziger</span> <span class='ocrx_word' id='word_1_190' title='bbox 920 3045 1211 3133; x_wconf 83' lang='lat' dir='ltr'>Befriedigung“),</span> 
     </span>
     <span class='ocr_line' id='line_1_26' title="bbox 94 3143 1213 3240; baseline -0.004 -18"><span class='ocrx_word' id='word_1_191' title='bbox 94 3156 154 3222; x_wconf 85' lang='lat' dir='ltr'>sed</span> <span class='ocrx_word' id='word_1_192' title='bbox 175 3156 227 3223; x_wconf 87' lang='lat' dir='ltr'>ita</span> <span class='ocrx_word' id='word_1_193' title='bbox 241 3155 316 3222; x_wconf 88' lang='lat' dir='ltr'>ideo</span> <span class='ocrx_word' id='word_1_194' title='bbox 333 3175 468 3221; x_wconf 87' lang='lat' dir='ltr'>censere</span> <span class='ocrx_word' id='word_1_195' title='bbox 484 3153 566 3218; x_wconf 90' lang='lat' dir='ltr'>mihi</span> <span class='ocrx_word' id='word_1_196' title='bbox 579 3151 726 3234; x_wconf 84' lang='lat' dir='ltr'>videtur,</span> <span class='ocrx_word' id='word_1_197' title='bbox 750 3152 840 3240; x_wconf 86' lang='lat' dir='ltr'>quod</span> <span class='ocrx_word' id='word_1_198' title='bbox 855 3152 919 3217; x_wconf 91' lang='lat' dir='ltr'>hoo</span> <span class='ocrx_word' id='word_1_199' title='bbox 936 3151 1009 3218; x_wconf 85' lang='lat' dir='ltr'>loco</span> <span class='ocrx_word' id='word_1_200' title='bbox 1024 3143 1213 3236; x_wconf 78' lang='lat' dir='ltr'>ocoyclema</span> 
     </span>
     <span class='ocr_line' id='line_1_27' title="bbox 93 3241 1213 3345; baseline -0.004 -19"><span class='ocrx_word' id='word_1_201' title='bbox 93 3263 136 3326; x_wconf 88' lang='lat' dir='ltr'>ab</span> <span class='ocrx_word' id='word_1_202' title='bbox 160 3259 332 3345; x_wconf 80' lang='lat' dir='ltr'>Aeschylo</span> <span class='ocrx_word' id='word_1_203' title='bbox 356 3258 543 3326; x_wconf 83' lang='lat' dir='ltr'>adhibitum</span> <span class='ocrx_word' id='word_1_204' title='bbox 567 3279 639 3326; x_wconf 86' lang='lat' dir='ltr'>esse</span> <span class='ocrx_word' id='word_1_205' title='bbox 669 3278 735 3322; x_wconf 87' lang='lat' dir='ltr'>non</span> <span class='ocrx_word' id='word_1_206' title='bbox 758 3241 920 3322; x_wconf 85' lang='lat' dir='ltr'>coneedit.</span> <span class='ocrx_word' id='word_1_207' title='bbox 965 3256 1017 3321; x_wconf 84' lang='lat' dir='ltr'>At</span> <span class='ocrx_word' id='word_1_208' title='bbox 1039 3278 1113 3321; x_wconf 87' lang='lat' dir='ltr'>cum</span> <span class='ocrx_word' id='word_1_209' title='bbox 1135 3259 1213 3343; x_wconf 88' lang='lat' dir='ltr'>post</span> 
     </span>
    </p>
   </div>
   <div class='ocr_carea' id='block_1_3' title="bbox 93 3359 1338 3455">
    <p class='ocr_par' dir='ltr' id='par_1_6' title="bbox 93 3359 1338 3455">
     <span class='ocr_line' id='line_1_28' title="bbox 93 3359 1338 3455; baseline -0.005 -23"><span class='ocrx_word' id='word_1_210' title='bbox 93 3364 240 3432; x_wconf 87' lang='lat' dir='ltr'>Roberti</span> <span class='ocrx_word' id='word_1_211' title='bbox 256 3364 383 3450; x_wconf 88' lang='lat' dir='ltr'>(Herm.</span> <span class='ocrx_word' id='word_1_212' title='bbox 402 3363 453 3444; x_wconf 81' lang='lat'>32,</span> <span class='ocrx_word' id='word_1_213' title='bbox 477 3385 509 3450; x_wconf 90' lang='lat' dir='ltr'>p.</span> <span class='ocrx_word' id='word_1_214' title='bbox 525 3361 656 3448; x_wconf 87' lang='lat' dir='ltr'>434ss.)</span> <span class='ocrx_word' id='word_1_215' title='bbox 675 3359 939 3448; x_wconf 85' lang='lat' dir='ltr'>disputationem</span> <span class='ocrx_word' id='word_1_216' title='bbox 955 3359 1025 3425; x_wconf 89' lang='lat' dir='ltr'>eius</span> <span class='ocrx_word' id='word_1_217' title='bbox 1042 3359 1214 3444; x_wconf 85' lang='lat' dir='ltr'>sententia</span> <span class='ocrx_word' id='word_1_218' title='bbox 1259 3369 1260 3372; x_wconf 75' lang='grc'>’</span> <span class='ocrx_word' id='word_1_219' title='bbox 1335 3447 1338 3455; x_wconf 22' lang='grc'>1</span> 
     </span>
    </p>
   </div>
   <div class='ocr_carea' id='block_1_4' title="bbox 93 3464 1213 3642">
    <p class='ocr_par' dir='ltr' id='par_1_7' title="bbox 93 3464 1213 3642">
     <span class='ocr_line' id='line_1_29' title="bbox 93 3464 1213 3554; baseline -0.005 -18"><span class='ocrx_word' id='word_1_220' title='bbox 93 3493 146 3536; x_wconf 87' lang='lat' dir='ltr'>me</span> <span class='ocrx_word' id='word_1_221' title='bbox 168 3469 277 3536; x_wconf 85' lang='lat' dir='ltr'>iudice</span> <span class='ocrx_word' id='word_1_222' title='bbox 299 3491 367 3534; x_wconf 88' lang='lat' dir='ltr'>non</span> <span class='ocrx_word' id='word_1_223' title='bbox 390 3466 525 3534; x_wconf 87' lang='lat' dir='ltr'>defendi</span> <span class='ocrx_word' id='word_1_224' title='bbox 548 3467 667 3554; x_wconf 80' lang='lat' dir='ltr'>possit,</span> <span class='ocrx_word' id='word_1_225' title='bbox 701 3465 756 3532; x_wconf 90' lang='lat' dir='ltr'>hic</span> <span class='ocrx_word' id='word_1_226' title='bbox 786 3465 880 3531; x_wconf 88' lang='lat' dir='ltr'>locus</span> <span class='ocrx_word' id='word_1_227' title='bbox 903 3487 971 3531; x_wconf 86' lang='lat' dir='ltr'>non</span> <span class='ocrx_word' id='word_1_228' title='bbox 992 3464 1059 3530; x_wconf 87' lang='lat' dir='ltr'>iam</span> <span class='ocrx_word' id='word_1_229' title='bbox 1081 3465 1116 3530; x_wconf 90' lang='lat' dir='ltr'>in</span> <span class='ocrx_word' id='word_1_230' title='bbox 1140 3487 1213 3532; x_wconf 86' lang='lat' dir='ltr'>oen-</span> 
     </span>
     <span class='ocr_line' id='line_1_30' title="bbox 95 3574 295 3642; baseline -0.01 0"><span class='ocrx_word' id='word_1_231' title='bbox 95 3597 168 3642; x_wconf 86' lang='lat' dir='ltr'>sum</span> <span class='ocrx_word' id='word_1_232' title='bbox 191 3574 295 3640; x_wconf 82' lang='lat' dir='ltr'>venit.</span> 
     </span>
    </p>
   </div>
   <div class='ocr_carea' id='block_1_5' title="bbox 95 3778 1217 4396">
    <p class='ocr_par' dir='ltr' id='par_1_8' title="bbox 95 3778 1217 4396">
     <span class='ocr_line' id='line_1_31' title="bbox 188 3778 1214 3854; baseline -0.003 -16"><span class='ocrx_word' id='word_1_233' title='bbox 188 3785 274 3854; x_wconf 82' lang='lat' dir='ltr'>1)cf.</span> <span class='ocrx_word' id='word_1_234' title='bbox 294 3786 366 3840; x_wconf 85' lang='lat' dir='ltr'>Kurt</span> <span class='ocrx_word' id='word_1_235' title='bbox 384 3785 573 3852; x_wconf 87' lang='lat' dir='ltr'>Wachsmuth,</span> <span class='ocrx_word' id='word_1_236' title='bbox 593 3782 650 3839; x_wconf 83' lang='lat' dir='ltr'>Das</span> <span class='ocrx_word' id='word_1_237' title='bbox 670 3782 725 3836; x_wconf 87' lang='lat' dir='ltr'>alte</span> <span class='ocrx_word' id='word_1_238' title='bbox 744 3778 947 3836; x_wconf 82' lang='lat' dir='ltr'>Grieohenland</span> <span class='ocrx_word' id='word_1_239' title='bbox 965 3781 1001 3832; x_wconf 88' lang='lat' dir='ltr'>im</span> <span class='ocrx_word' id='word_1_240' title='bbox 1021 3795 1116 3846; x_wconf 84' lang='lat' dir='ltr'>neuen,</span> <span class='ocrx_word' id='word_1_241' title='bbox 1136 3780 1214 3835; x_wconf 86' lang='lat' dir='ltr'>Bono</span> 
     </span>
     <span class='ocr_line' id='line_1_32' title="bbox 97 3869 1214 3945; baseline -0.007 -13"><span class='ocrx_word' id='word_1_242' title='bbox 97 3877 175 3944; x_wconf 83' lang='grc'><strong>1864,</strong></span> <span class='ocrx_word' id='word_1_243' title='bbox 201 3894 227 3945; x_wconf 89' lang='lat' dir='ltr'>p.</span> <span class='ocrx_word' id='word_1_244' title='bbox 247 3880 296 3930; x_wconf 83' lang='lat'>52:</span> <span class='ocrx_word' id='word_1_245' title='bbox 329 3875 424 3944; x_wconf 85' lang='lat' dir='ltr'>„Auoh</span> <span class='ocrx_word' id='word_1_246' title='bbox 447 3880 524 3928; x_wconf 76' lang='lat' dir='ltr'>const</span> <span class='ocrx_word' id='word_1_247' title='bbox 550 3871 611 3928; x_wconf 88' lang='lat' dir='ltr'>sind</span> <span class='ocrx_word' id='word_1_248' title='bbox 630 3871 768 3939; x_wconf 86' lang='lat' dir='ltr'>derartige</span> <span class='ocrx_word' id='word_1_249' title='bbox 786 3871 892 3939; x_wconf 88' lang='lat' dir='ltr'>Spuren</span> <span class='ocrx_word' id='word_1_250' title='bbox 912 3869 985 3923; x_wconf 86' lang='lat' dir='ltr'>alten</span> <span class='ocrx_word' id='word_1_251' title='bbox 1004 3869 1214 3924; x_wconf 86' lang='lat' dir='ltr'>Naturdienstes</span> 
     </span>
     <span class='ocr_line' id='line_1_33' title="bbox 95 3951 1216 4028; baseline -0.007 -8"><span class='ocrx_word' id='word_1_252' title='bbox 95 3951 173 4020; x_wconf 69' lang='lat' dir='ltr'>aaa</span> <span class='ocrx_word' id='word_1_253' title='bbox 192 3967 260 4020; x_wconf 74' lang='lat' dir='ltr'>aa</span> <span class='ocrx_word' id='word_1_254' title='bbox 280 3965 373 4021; x_wconf 75' lang='lat' dir='ltr'>seren.</span> <span class='ocrx_word' id='word_1_255' title='bbox 413 3961 614 4018; x_wconf 79' lang='lat' dir='ltr'>Einleuohtend</span> <span class='ocrx_word' id='word_1_256' title='bbox 641 3961 678 4016; x_wconf 76' lang='lat' dir='ltr'>ist</span> <span class='ocrx_word' id='word_1_257' title='bbox 705 3959 754 4014; x_wconf 76' lang='lat' dir='ltr'>aas</span> <span class='ocrx_word' id='word_1_258' title='bbox 774 3978 796 4013; x_wconf 77' lang='lat' dir='ltr'>z.</span> <span class='ocrx_word' id='word_1_259' title='bbox 816 3961 848 4013; x_wconf 83' lang='lat' dir='ltr'>a.</span> <span class='ocrx_word' id='word_1_260' title='bbox 877 3958 921 4011; x_wconf 78' lang='lat' dir='ltr'>bei</span> <span class='ocrx_word' id='word_1_261' title='bbox 946 3957 995 4012; x_wconf 74' lang='lat' dir='ltr'>ser</span> <span class='ocrx_word' id='word_1_262' title='bbox 1013 3958 1084 4012; x_wconf 78' lang='lat' dir='ltr'>sote</span> <span class='ocrx_word' id='word_1_263' title='bbox 1103 3959 1216 4028; x_wconf 81' lang='lat' dir='ltr'>(welche</span> 
     </span>
     <span class='ocr_line' id='line_1_34' title="bbox 97 4044 1216 4122; baseline -0.009 -12"><span class='ocrx_word' id='word_1_264' title='bbox 97 4055 216 4122; x_wconf 85' lang='lat' dir='ltr'>Curtius,</span> <span class='ocrx_word' id='word_1_265' title='bbox 236 4055 291 4108; x_wconf 88' lang='lat' dir='ltr'>Zur</span> <span class='ocrx_word' id='word_1_266' title='bbox 310 4053 473 4108; x_wconf 84' lang='lat' dir='ltr'>Gesohiohte</span> <span class='ocrx_word' id='word_1_267' title='bbox 492 4051 539 4106; x_wconf 87' lang='lat' dir='ltr'>des</span> <span class='ocrx_word' id='word_1_268' title='bbox 558 4051 730 4118; x_wconf 86' lang='lat' dir='ltr'>Wegebaues</span> <span class='ocrx_word' id='word_1_269' title='bbox 750 4047 864 4103; x_wconf 85' lang='lat' dir='ltr'>beiden</span> <span class='ocrx_word' id='word_1_270' title='bbox 884 4047 1027 4113; x_wconf 86' lang='lat' dir='ltr'>Griechan,</span> <span class='ocrx_word' id='word_1_271' title='bbox 1047 4044 1073 4099; x_wconf 83' lang='lat' dir='ltr'>S.</span> <span class='ocrx_word' id='word_1_272' title='bbox 1093 4049 1136 4114; x_wconf 84' lang='lat'>86,</span> <span class='ocrx_word' id='word_1_273' title='bbox 1155 4048 1216 4103; x_wconf 88' lang='lat' dir='ltr'>her-</span> 
     </span>
     <span class='ocr_line' id='line_1_35' title="bbox 96 4135 1217 4217; baseline -0.01 -17"><span class='ocrx_word' id='word_1_274' title='bbox 96 4144 234 4212; x_wconf 80' lang='lat' dir='ltr'>vorhebt),</span> <span class='ocrx_word' id='word_1_275' title='bbox 257 4143 311 4197; x_wconf 87' lang='lat' dir='ltr'>dass</span> <span class='ocrx_word' id='word_1_276' title='bbox 330 4143 450 4197; x_wconf 85' lang='lat' dir='ltr'>schwere</span> <span class='ocrx_word' id='word_1_277' title='bbox 468 4141 587 4195; x_wconf 78' lang='lat' dir='ltr'>Trtumo</span> <span class='ocrx_word' id='word_1_278' title='bbox 606 4138 654 4194; x_wconf 90' lang='lat' dir='ltr'>dar</span> <span class='ocrx_word' id='word_1_279' title='bbox 673 4135 862 4217; x_wconf 80' lang='lat' dir='ltr'>ausgehanden</span> <span class='ocrx_word' id='word_1_280' title='bbox 881 4138 972 4190; x_wconf 82' lang='lat' dir='ltr'>Souna</span> <span class='ocrx_word' id='word_1_281' title='bbox 989 4136 1140 4204; x_wconf 82' lang='lat' dir='ltr'>zugekahrt</span> <span class='ocrx_word' id='word_1_282' title='bbox 1158 4136 1217 4190; x_wconf 85' lang='lat' dir='ltr'>laut</span> 
     </span>
     <span class='ocr_line' id='line_1_36' title="bbox 96 4224 1216 4304; baseline -0.011 -14"><span class='ocrx_word' id='word_1_283' title='bbox 96 4234 318 4304; x_wconf 79' lang='lat' dir='ltr'>ausgesprochen</span> <span class='ocrx_word' id='word_1_284' title='bbox 343 4231 460 4297; x_wconf 80' lang='lat' dir='ltr'>werden,</span> <span class='ocrx_word' id='word_1_285' title='bbox 489 4247 534 4283; x_wconf 88' lang='lat' dir='ltr'>um</span> <span class='ocrx_word' id='word_1_286' title='bbox 560 4247 590 4284; x_wconf 90' lang='lat' dir='ltr'>so</span> <span class='ocrx_word' id='word_1_287' title='bbox 616 4227 665 4283; x_wconf 87' lang='lat' dir='ltr'>dar</span> <span class='ocrx_word' id='word_1_288' title='bbox 684 4228 752 4282; x_wconf 86' lang='lat' dir='ltr'>Last</span> <span class='ocrx_word' id='word_1_289' title='bbox 777 4228 818 4280; x_wconf 86' lang='lat' dir='ltr'>los</span> <span class='ocrx_word' id='word_1_290' title='bbox 847 4243 881 4280; x_wconf 88' lang='lat' dir='ltr'>zu</span> <span class='ocrx_word' id='word_1_291' title='bbox 900 4225 1017 4290; x_wconf 85' lang='lat' dir='ltr'>werden,</span> <span class='ocrx_word' id='word_1_292' title='bbox 1046 4224 1147 4293; x_wconf 84' lang='lat' dir='ltr'>gerade</span> <span class='ocrx_word' id='word_1_293' title='bbox 1166 4227 1216 4279; x_wconf 86' lang='lat' dir='ltr'>wie</span> 
     </span>
     <span class='ocr_line' id='line_1_37' title="bbox 97 4313 1216 4396; baseline -0.008 -18"><span class='ocrx_word' id='word_1_294' title='bbox 97 4325 301 4396; x_wconf 81' lang='lat' dir='ltr'>Issytaemestra</span> <span class='ocrx_word' id='word_1_295' title='bbox 328 4323 377 4375; x_wconf 83' lang='lat' dir='ltr'>mit</span> <span class='ocrx_word' id='word_1_296' title='bbox 404 4321 592 4389; x_wconf 72' lang='lat' dir='ltr'>getngstigter</span> <span class='ocrx_word' id='word_1_297' title='bbox 611 4317 689 4372; x_wconf 85' lang='lat' dir='ltr'>Seele</span> <span class='ocrx_word' id='word_1_298' title='bbox 716 4317 776 4370; x_wconf 88' lang='lat' dir='ltr'>ihre</span> <span class='ocrx_word' id='word_1_299' title='bbox 801 4316 919 4370; x_wconf 75' lang='lat' dir='ltr'>Traume</span> <span class='ocrx_word' id='word_1_300' title='bbox 945 4330 995 4368; x_wconf 86' lang='lat' dir='ltr'>vor</span> <span class='ocrx_word' id='word_1_301' title='bbox 1022 4313 1073 4368; x_wconf 85' lang='lat' dir='ltr'>den</span> <span class='ocrx_word' id='word_1_302' title='bbox 1097 4315 1216 4384; x_wconf 87' lang='lat' dir='ltr'>Apollon</span> 
     </span>
    </p>
   </div>
   <div class='ocr_carea' id='block_1_6' title="bbox 96 4413 351 4484">
    <p class='ocr_par' dir='ltr' id='par_1_9' title="bbox 96 4413 351 4484">
     <span class='ocr_line' id='line_1_38' title="bbox 96 4413 351 4484; baseline -0.012 -16"><span class='ocrx_word' id='word_1_303' title='bbox 96 4414 217 4484; x_wconf 83' lang='lat' dir='ltr'>Agyious</span> <span class='ocrx_word' id='word_1_304' title='bbox 236 4413 351 4481; x_wconf 78' lang='lat' dir='ltr'>bringt.“</span> 
     </span>
    </p>
   </div>
   <div class='ocr_carea' id='block_1_7' title="bbox 0 0 1569 5204">
    <p class='ocr_par' dir='ltr' id='par_1_10' title="bbox 0 0 1569 5204">
     <span class='ocr_line' id='line_1_39' title="bbox 0 0 1569 5204; baseline 0 0"><span class='ocrx_word' id='word_1_305' title='bbox 0 0 1569 5204; x_wconf 95' lang='lat' dir='ltr'> </span> 
     </span>
    </p>
   </div>
  </div>
 </body>
</html>
