3098 5204
862 402 980 467 26„

325 575 449 663 quietis
466 575 700 663 impatientem
720 576 818 643 modo
842 578 903 643 sub
927 576 1040 644 divum
1064 577 1147 663 agit,
1171 576 1268 644 modo
1290 576 1325 641 in
1348 598 1447 664 pene·

323 681 430 750 troiia
452 681 567 768 regiae
592 681 721 748 reverti
743 681 851 767 cogit:
875 705 907 748 ν.
933 683 996 748 179
1007 705 1053 748 se.

534 785 590 856 ἔξω
616 783 648 848 δὲ
672 787 774 869 δόμων
797 787 858 870 ἤδη
882 791 1004 870 νοσερᾶς

532 891 637 974 δέμνια
660 891 769 974 κοίτης.

533 997 620 1080 δεῦρο
644 993 701 1080 γὰρ
724 995 825 1058 ἐλθεῖν
850 1000 905 1060 πᾶν
930 994 1002 1069 ἔπος
1025 995 1062 1079 ἦν
1086 1019 1147 1059 σοι’

530 1100 610 1186 τάχα
634 1102 659 1162 δ’
683 1102 712 1172 ἐς
737 1101 892 1184 θαλάμους
916 1100 1052 1172 σπεύσεις
1075 1097 1108 1164 τὸ
1132 1100 1228 1165 πόλιν.

410 1204 524 1270 Etiam
548 1205 637 1293 apud
659 1201 925 1292 Aristophanem
954 1206 1047 1272 locus
1078 1205 1264 1288 invenitur,
1302 1227 1366 1292 quo
1398 1206 1448 1270 in-

324 1309 424 1396 quies·
441 1310 543 1376 animi
566 1329 668 1376 causa
690 1309 871 1376 adhibetur
894 1308 1091 1397 prodeundi,
1124 1310 1183 1378 sed
1205 1296 1354 1396 vestigia
1375 1305 1448 1375 imi·

323 1413 466 1480 tationis
482 1413 719 1481 manifestiora
743 1417 832 1497 sunt,
858 1436 957 1502 quam
981 1423 1019 1481 ut
1034 1437 1155 1482 revera
1170 1414 1321 1480 dubitari
1335 1416 1448 1502 possit

323 1539 367 1584 an
389 1518 562 1605 ingenium*
575 1517 750 1605 Euripidis
766 1521 901 1586 acutum
924 1519 967 1586 ad
991 1519 1250 1605 excogitandum
1274 1539 1347 1585 eam
1370 1540 1448 1586 cau·

325 1643 394 1688 sam
416 1611 484 1689 non
506 1624 717 1711 reppererit:

410 1727 492 1814 Lyn
517 1751 549 1794 v.
574 1727 647 1794 708.
683 1727 884 1815 Lysistrata
907 1728 979 1794 exit
1009 1731 1045 1795 et
1073 1728 1174 1794 choro
1197 1726 1375 1794 mulierum
1397 1728 1447 1795 in·

325 1831 521 1918 terroganti

379 1936 452 2002 706.
485 1935 601 2000 ἄνασσα
624 1937 754 2022 πράγους
777 1935 938 2000 redderet
963 1927 1174 2023 βουλεύματος,

480 2041 507 2104 τί
532 2067 581 2126 μοι
604 2033 782 2127 σκυθρωπὸς
806 2042 989 2125 ἐξελήλυθας
1014 2043 1132 2125 δόμων;

324 2145 523 2232 respondet:

481 2259 581 2315 κακῶν
604 2258 752 2334 γυναικῶν
776 2250 850 2338 ἔργα
871 2251 1055 2335 καὶνθήλεια
1079 2251 1157 2337 ιρρὴν

480 2359 559 2420 ποιεῖ
582 2361 610 2440 μ’
634 2355 750 2440 ἄθυμον
773 2361 1003 2442 περιπατεῖν
1026 2355 1126 2420 τᾶνω
1150 2356 1263 2420 κάτω.

324 2494 326 2496 ·
411 2479 464 2544 En
478 2478 763 2545 habemus'looum
785 2501 875 2544 mere
900 2479 1024 2566 tragici
1047 2479 1181 2546 coloris.
1220 2478 1268 2545 Et
1290 2479 1446 2567 profecto

262 2589 264 2593 ’
324 2582 451 2649 scholia
483 2583 651 2650 adnotant
680 2583 723 2649 ad
755 2585 858 2649 verba
897 2575 928 2648 vi
962 2585 1026 2649 706
1070 2583 1185 2648 ἄνασσα
1217 2583 1367 2670 πράγουςε
1415 2586 1448 2646 ἐκ

325 2685 465 2772 Τηλέφου
504 2686 676 2772 Εὐριπίδου.
731 2687 783 2754 Eo
822 2687 975 2775 plerique
1017 2688 1128 2756 critici
1166 2689 1322 2755 commoti
1368 2689 1448 2754 sunt

325 2791 573 2876 (Valckenaer.,
606 2790 772 2873 Diodori,
802 2790 988 2878 Blaydes.)‚
1019 2796 1060 2858 ut
1083 2814 1200 2860 versus
1224 2793 1324 2872 70617
1347 2791 1447 2858 Euri·

324 2896 396 2985 pidi
417 2897 658 2963 attribuerent.
705 2895 771 2962 Sed
794 2896 966 2964 Nauokius
995 2897 1107 2964 nescio
1132 2919 1198 2985 qua
1220 2920 1260 2964 re
1282 2897 1447 2964 adductus

325 3001 432 3068 solum
463 3024 597 3068 versum
620 3002 683 3066 706
714 3024 754 3068 ex
784 3001 949 3089 Euripide
975 3005 1152 3090 'sumptum
1184 3024 1257 3068 esse
1290 3002 1346 3088 (fr.
1371 3002 1447 3084 699)

324 3109 435 3193 putat,
452 3105 598 3175 alterum
613 3128 747 3172 versum
763 3106 885 3192 fragm.
902 3106 1016 3194 adesp.
1034 3107 1076 3172 58
1092 3129 1165 3172 esse
1180 3105 1300 3172 voluit.
1340 3107 1445 3170 Immo

241 3276 243 3280 ,
325 3214 420 3282 totus
443 3211 546 3290 locus,
582 3211 755 3276 roe-709
786 3214 822 3276 et
853 3214 916 3277 oet.
942 3233 1037 3294 vera,
1072 3210 1286 3297 tragoediam
1309 3211 1446 3297 Euripi·

325 3317 421 3384 deam
445 3337 563 3401 sapere
586 3314 723 3382 videtur
733 3315 766 3400 ¹),
800 3315 949 3382 fortasse
978 3316 1093 3404 paucis
1116 3317 1258 3382 mutatis
1282 3338 1323 3382 ex
1346 3315 1448 3380 Euri·

325 3420 425 3509 pidea
448 3419 595 3507 Telepho
619 3419 675 3486 vel
707 3420 776 3486 alia
798 3420 916 3486 fabula
935 3420 1129 3512 translatus
1152 3423 1191 3486 ut
1214 3419 1400 3486 irrideatur
1413 3421 1447 3506 ²).

329 3567 535 3574 -η--ι-ῌ-

400 3633 443 3702 ’1)
464 3632 498 3684 cs.
517 3633 551 3684 H.
570 3633 667 3702 Beyer,
696 3633 738 3686 De
764 3633 869 3686 scaenis
896 3631 1051 3686 comoediae
1069 3633 1180 3686 Atticae
1203 3633 1312 3700 veteris,
1341 3632 1448 3702 quibus„

328 3737 398 3790 quae
417 3720 453 3774 ad
472 3722 606 3777 actionem
626 3727 761 3789 spectant,
789 3728 946 3785 narrantur,
974 3737 1028 3774 non
1048 3727 1175 3789 aguntur,
1203 3721 1351 3790 Gottingae
1371 3723 1448 3784 1912,

328 3827 354 3878 p.
374 3814 415 3863 27.

415 3901 444 3967 2)
463 3899 561 3954 Nescio
575 3915 611 3952 an
624 3916 679 3953 non
692 3900 752 3953 loco
762 3897 887 3952 Alexidis
901 3915 935 3953 ex
945 3898 1087 3967 Meropide
1101 3905 1209 3954 servato
1223 3900 1314 3970 (Kock
1327 3899 1360 3966 ΙΙ,
1373 3900 1447 3968 147);

483 3989 516 4046 εἰς
534 3988 621 4060 καιρὸν
640 3990 717 4060 ἥκεις,
737 3987 773 4046 ὡς
792 3988 864 4058 ἔγωγ’
886 3990 1047 4060 ἀπορουμένη
1186 4057 1187 4062 1

483 4081 550 4131 ἅνω
569 4081 661 4130 κάτω
681 4077 954 4149 τεπεριπατοῦα
977 4077 1061 4147 ὥσπερ
1081 4075 1189 4130 Πλάτων

483 4167 561 4237 σοφὸν
580 4166 650 4220 οὐδὲν
670 4165 766 4238 εὕρηκ’,
787 4167 850 4220 ἀλλὰ
869 4175 952 4220 κοπιῶ
972 4170 1004 4220 τὰ
1024 4167 1099 4237 σκέλη
1304 4237 1307 4240 ¹

325 4262 438 4323 praeter
456 4255 612 4309 irrisionem
632 4254 857 4310 Academicorum
873 4257 993 4309 'imitatio
1023 4256 1065 4310 vel
1091 4255 1230 4308 cavillatio
1250 4255 1371 4310 eiusdem
1396 4256 1449 4310 loci

325 4343 469 4413 Euripidei
487 4345 560 4399 insit.
