3098 5204
888 406 927 472 12

346 581 453 646 verba
476 577 599 646 dixisse
633 579 793 646 iudicent.
842 578 981 664 „Nonne
1013 597 1232 667 unaquaeque
1256 581 1328 647 fere
1351 580 1467 647 fabula

347 684 554 771 tragicorum
585 683 685 773 plena
708 686 762 750 est
784 683 968 751 affectuum
996 683 1239 752 incitatarum?
1258 744 1260 754 ,
1286 684 1333 752 Et
1355 689 1466 752 tamen

347 787 545 875 Euripidem
573 789 715 874 primum
749 788 875 855 affectu
909 788 1039 854 aditum
1071 810 1291 876 personarum
1324 791 1465 878 probare

303 895 305 900 ’
347 893 430 959 dicis
453 893 646 980 coepisse‘?“
693 891 780 959 Sane
804 892 938 980 quidem
961 893 1137 960 contendo.

434 997 522 1064 Nam
537 1021 578 1065 ex
593 1019 729 1065 numero
746 998 902 1081 locorum,
920 996 978 1085 qui
994 997 1057 1064 huc
1071 999 1256 1085 pertinent,
1281 997 1466 1087 excipiendi

349 1106 437 1186 sunt,
461 1125 661 1192 quamquam
683 1125 847 1192 persaepe
869 1123 944 1170 cum
965 1102 1058 1184 locis,
1083 1103 1203 1191 quibus
1227 1104 1370 1171 affectus
1394 1124 1465 1170 cau-

349 1230 420 1274 sam
450 1211 602 1307 praebet,
633 1207 885 1276 confunduntur
896 1209 929 1290 ¹),
960 1207 996 1289 ii,
1030 1206 1149 1295 quibus
1181 1230 1325 1294 persona
1356 1207 1466 1294 aliqua
1526 1233 1527 1240 ¹

348 1333 526 1400 progressa
556 1313 617 1379 sub
647 1312 725 1380 divo
756 1313 916 1378 somnium
947 1316 1096 1379 enarrat.
1143 1312 1267 1394 Quales
1294 1312 1465 1380 inveniun-

349 1422 407 1485 tur
429 1417 479 1483 hi:

437 1523 517 1590 Hec.
533 1522 585 1588 59.
610 1519 756 1604 Hecuba,
773 1543 872 1609 qnam
888 1543 1006 1589 servae
1023 1521 1237 1603 comitantur,
1262 1543 1304 1588 ex
1317 1519 1465 1587 tentorio

351 1627 481 1714 prodit3
508 1649 574 1715 qua
597 1625 761 1694 de'causa
784 1626 919 1693 exitura
943 1629 1042 1706 esset,
1068 1625 1136 1692 iam
1157 1630 1260 1694 antea
1274 1625 1464 1713 Polydorus

350 1732 438 1800 dixit
453 1733 497 1820 (v.
515 1732 584 1819 54):
611 1731 770 1818 φάντασμα
795 1731 975 1816 δειμαίνοοσ’
999 1731 1080 1815 ἐμόν.
1127 1729 1318 1798 Scholiasta
1337 1729 1464 1817 quidem
1528 1757 1529 1764 ¹

350 1837 454 1927 aliqui
477 1841 620 1927 propter
641 1859 760 1904 versus
784 1837 884 1922 53154

561 1968 638 2046 περᾷ
659 1959 716 2045 γὰρ
738 1955 786 2044 ἥδ’
813 1959 868 2023 ὑπὸ
892 1967 1002 2045 σκηνῆς
1026 1962 1104 2024 πόδα

510 2153 515 2164 ι
559 2061 783 2150 Ἀγαμέμνονος
810 2060 970 2149 φάντασμα
994 2063 1175 2148 ὃειμαίνοοσ’
1199 2047 1280 2148 ἐραν.
1349 2119 1351 2123 .

352 2189 494 2256 coniecit
527 2211 599 2256 eam
622 2189 658 2254 in
678 2187 937 2255 tabernaculum
959 2187 1232 2272 Agamemnonis,
1265 2188 1306 2252 ut
1328 2185 1466 2252 Cassan·
1530 2255 1531 2270 ρ

352 2293 448 2360 dram
471 2298 516 2379 (v.
540 2294 594 2374 87)
617 2293 658 2359 de
674 2293 800 2360 somnio
818 2291 1019 2369 consuleret,
1042 2291 1199 2359 introisse
1223 2294 1258 2357 et
1279 2312 1376 2372 nunc,
1400 2289 1467 2356 filia

350 2399 443 2465 intus
476 2421 543 2465 non
574 2403 722 2484 reperta,
755 2420 797 2463 ex
829 2397 977 2464 tentorio
1009 2397 1147 2463 reverti.
1192 2397 1243 2464 At
1272 2395 1467 2482 Murrayum

352 2507 444 2570 recte
467 2527 498 2570 v.
516 2504 559 2568 54
582 2503 616 2568 in
641 2500 860 2588 suspicionem
878 2501 1051 2568 vocavisse
1075 2504 1167 2588 puto.
1212 2499 1317 2566 Immo
1341 2521 1383 2565 ex
1398 2521 1467 2566 ver·
1531 2545 1532 2562 2

353 2608 444 2676 sibus
467 2606 562 2674 6858.
1202 2655 1205 2672 ,

606 2714 631 2774 ὦ
656 2708 784 2796 στεροπαὶ
809 2708 887 2788 Διὸς,
912 2711 937 2771 ὼ
962 2709 1064 2772 σκοτία
1087 2707 1145 2788 νύξ,

604 2817 631 2880 τί
653 2811 716 2879 ποτ’
742 2809 864 2900 αἴρομαι
887 2812 1006 2899 ἔννυχος
1030 2814 1107 2890 οὕτω

606 2922 731 3005 δαίμονι,
755 2918 924 3004 φάαμαοιν;
949 2920 1100 2982 ω’πότνια
1125 2916 1233 2994 Χθὼν,

607 3025 870 3111 μελανοπτερύγων
895 3031 986 3108 μῆτερ
1011 3024 1131 3109 ὀνείρων

569 3213 574 3220 ι
605 3124 887 3215 ἀποπέμποραι
911 3129 1032 3213 ἔννυχον
1057 3129 1122 3213 ὄψιν
1148 3179 1155 3193 .
1180 3177 1219 3193 ..

354 3253 455 3322 aliam
478 3277 549 3321 esse
573 3275 705 3322 causam
729 3274 893 3341 apparere
909 3252 991 3318 mihi
1005 3251 1151 3318 videtur.
1198 3248 1335 3316 Scilicet
1358 3246 1469 3314 eadem

355 3363 415 3443 est,
441 3381 540 3447 quam
561 3358 741 3447 Iphigenia
756 3357 842 3445 (Iph.
860 3357 974 3440 Taur.)
991 3355 1144 3424 versibus
1159 3355 1260 3432 ralla
1275 3352 1469 3441 profitetur:

546 3480 674 3545 ἃκαινὰ
698 3475 793 3564 δ’ἥκεν
816 3479 864 3551 νὺξ
888 3480 1022 3565 φέρουσα
1047 3460 1191 3563 catullum

547 3588 623 3662 λέξω
648 3585 719 3672 πρὸς
743 3581 851 3671 αἰθέρ’,
876 3584 964 3648 εἴτι
988 3583 1032 3667 δὴ
1056 3579 1131 3646 τόδ’
1157 3581 1232 3644 ἔστ’
1257 3579 1358 3650 ἄκος.

354 3711 446 3798 Ergo
471 3709 550 3797 quid
573 3712 712 3797 spectet,
746 3730 819 3774 cum
851 3707 1014 3774 somnium
1043 3708 1187 3771 naturae
1216 3705 1368 3784 enarrat,
1400 3700 1472 3787 ipsa

356 3816 447 3884 dicit.
493 3815 586 3882 Nihil
610 3814 702 3880 aliud
725 3814 759 3878 in
783 3813 892 3879 animo
908 3811 1028 3878 habuit
1044 3809 1294 3896 Clytaemestra
1316 3807 1351 3871 in
1372 3803 1471 3892 Soph.

355 3921 408 3987 El.
433 3921 496 3985 424
509 3943 550 3986 s.:

448 4169 473 4238 1)
493 4168 535 4222 Of.
563 4167 685 4221 Patinius
712 4150 829 4234 (litudes
849 4180 870 4218 s.
890 4164 907 4216 l.
928 4169 998 4230 trag.
1017 4173 1065 4230 gn,
1093 4161 1188 4229 EurIp.
1208 4160 1268 4227 lp.
1292 4163 1341 4212 124
1360 4159 1473 4227 adnot).

356 4255 587 4312 Wolterstorffius
606 4255 700 4326 (Soph.
722 4261 749 4309 et
768 4254 834 4307 Eur.
854 4252 982 4306 Electrae
1012 4266 1064 4317 quo
1092 4249 1187 4304 ordine
1215 4249 1271 4302 sint
1298 4247 1473 4316 compositae,

355 4350 415 4402 Jen,
437 4346 501 4400 diss.
524 4347 611 4414 1891),
631 4345 771 4398 Kaibelius
792 4342 827 4397 ad
847 4342 889 4396 El.
908 4360 931 4394 ν.
953 4343 994 4408 86,
1022 4339 1208 4394 Weckleinius
1228 4336 1264 4392 ad
1283 4338 1385 4390 Phoen.
1406 4355 1429 4390 r.
1451 4340 1474 4390 1.
