3098 5204
863 441 905 506 56

324 614 450 700 phanes
462 617 485 696 ¹)
519 636 586 680 non
619 614 733 695 novit,
774 613 958 682 Menander
991 615 1026 680 in
1060 615 1259 682 Cistellaria
1294 615 1450 688 exhibet;

324 718 480 784 nimirum
502 739 647 805 persona
670 719 764 806 prior
795 719 880 806 ipsa,
911 723 1093 808 postquam
1114 720 1209 786 chori
1231 723 1348 808 partes
1373 742 1453 788 eva·

226 843 230 852 ’
322 826 481 905 suerunt,
512 845 626 910 aeque·
639 827 743 910 atque
765 823 801 889 in
823 828 994 910 postremo
1018 824 1078 891 illo
1105 825 1178 890 loco
1201 824 1377 912 Euripidis
1401 824 1452 890 al-

323 931 434 994 teram
457 928 524 994 iam
547 927 665 994 adesse
686 928 924 1015 praenuntiat:
948 929 990 994 ln
1013 952 1045 996 v,
1069 930 1132 994 653
1156 929 1341 1016 Lampadio
1364 952 1452 994 nun-

323 1033 473 1100 tiaturus
508 1031 643 1099 aliunde
677 1033 713 1098 in
747 1054 900 1099 scaenam
934 1032 1060 1120 prodit,
1096 1031 1174 1099 dein
1201 1057 1232 1099 v,
1256 1034 1320 1100 655
1355 1055 1453 1100 eram

324 1136 591 1204 Phanostratam
614 1136 718 1216 videt,
751 1157 836 1224 quae
860 1160 919 1203 cur
942 1138 1075 1220 exierit,
1099 1161 1168 1204 non
1190 1138 1335 1206 dicitur:
1363 1137 1454 1222 „Sed

305 1251 434 1307 'eccam
457 1264 549 1308 eram
572 1241 700 1308 video.“
745 1241 875 1308 Eodem
897 1241 995 1309 modo
1018 1243 1053 1307 in
1075 1241 1298 1309 Bacchidibus
1321 1265 1375 1310 res
1400 1243 1454 1308 in-

314 1347 451 1414 stituta
481 1350 543 1412 est.
590 1345 657 1413 Sed
688 1348 730 1412 ah
762 1346 859 1414 aditu
890 1347 1015 1435 prioris
1047 1369 1214 1435 personae
1236 1349 1326 1434 (926)
1349 1371 1453 1436 prae·

325 1451 497 1519 nuntiatio
507 1453 590 1546 ,(978
606 1451 684 1534 „sed
699 1451 870 1518 Priamum
882 1452 1076 1519 adstantem
1092 1475 1201 1520 eccum
1219 1456 1299 1520 ante
1312 1456 1454 1540 portam

230 1556 232 1564 ’
260 1591 262 1596 v
325 1555 423 1622 video
450 1609 455 1622 .
481 1608 487 1620 .
513 1560 552 1636 .“)
575 1543 718 1624 alterius
742 1555 919 1644 aliquanto
941 1556 1075 1644 longius
1099 1559 1196 1624 abest
1206 1557 1239 1643 Ε).

355 1712 357 1714 -
410 1659 507 1727 Hane
537 1661 706 1728 rationem
729 1661 833 1728 etiam
856 1664 898 1728 ab
923 1661 998 1728 aliis
1023 1661 1156 1729 comicis
1179 1665 1350 1748 receptam
1373 1684 1454 1729 esse

322 1766 422 1832 initio
445 1765 632 1832 Trinummi
645 1769 691 1849 (v.
704 1767 746 1831 23
759 1767 815 1850 ss.)
839 1766 1109 1834 demonstratur:
1135 1765 1382 1853 Megaronides,
1410 1772 1454 1834 ut

323 1871 465 1938 amioum
491 1873 551 1952 „ob
574 1871 709 1937 noxiam
731 1871 905 1937 meritam“
931 1872 1087 1956 castiget,
1115 1871 1152 1937 in
1175 1893 1329 1938 scaenam
1353 1873 1456 1938 venit

324 1981 373 2064 et,
393 1980 573 2063 postquam
595 1998 626 2042 v.
651 1977 692 2041 39
718 1975 875 2042 Callicles
899 1977 992 2042 forte
1018 1999 1060 2042 ex
1082 1975 1220 2042 aedibus
1244 1976 1339 2056 exiit,
1373 1999 1455 2042 eum

323 2103 420 2168 quem
444 2085 672 2148 conventurus
697 2086 787 2164 erat,
806 2081 922 2149 adesse
946 2081 1124 2167 significat.

360 2205 362 2208 ·
410 2185 587 2252 Simillima
622 2189 736 2253 autem
777 2186 985 2270 tragicorum
1019 2186 1101 2254 locis
1137 2207 1257 2252 scaena
1289 2185 1452 2269 Hecyrae

322 2289 527 2377 Apollodori
560 2293 628 2356 est:
670 2289 865 2377 Phidippus,
900 2290 993 2357 ouius
1025 2290 1139 2358 aditus
1170 2312 1237 2356 non
1268 2292 1452 2376 probatur,

322 2394 414 2462 intus
445 2395 572 2482 prodit.
618 2395 747 2461 Laches
780 2398 903 2478 autem,
937 2395 996 2483 qui
1026 2396 1093 2461 iam
1117 2396 1153 2461 in
1175 2397 1296 2462 scaena
1326 2389 1380 2462 est
1404 2407 1453 2476 (v.

323 2499 399 2585 622)
427 2499 521 2584 „Sed
544 2499 666 2586 inquit,
690 2499 789 2566 video
805 2496 1008 2588 Phidippum
1025 2499 1143 2586 egredi
1164 2521 1240 2587 per
1263 2503 1452 2587 tempus:

322 2604 548 2671 accedamus.“
603 2603 805 2691 Phidippum
839 2606 1110 2692 „opportune
1140 2605 1183 2670 in
1214 2605 1312 2692 ipso
1344 2607 1453 2670 tem-

322 2713 450 2796 pore“
476 2710 521 2794 (v.
545 2709 622 2794 626)
645 2709 779 2776 venisse
803 2709 905 2775 etiam
927 2712 1048 2796 postea
1071 2709 1200 2795 repetit
1211 2707 1245 2794 8).

410 2813 472 2878 His
504 2814 586 2880 locis
617 2835 725 2880 novae
753 2814 955 2888 comoediae¹
973 2813 1119 2880 alteram
1150 2835 1330 2900 personam
1353 2813 1452 2880 adire

222 2967 225 2972 .
322 2921 363 2990 εἰς
386 2916 488 3004 καιρὸν
512 2940 590 2984 raro
614 2918 761 3001 additur,
785 2919 845 2986 sed
867 2923 981 2985 tamen
1004 2918 1056 2986 his
1080 2917 1162 2984 locis
1186 2921 1305 3006 poetas
1330 2917 1452 2984 eadem

322 3045 388 3110 qua
405 3023 603 3111 Sophoclem
618 3023 880 3113 Euripidemque
896 3024 1030 3090 ratione
1044 3046 1123 3092 usos
1140 3045 1213 3090 esse
1229 3023 1451 3113 manifestum

312 3151 396 3196 esse
412 3131 505 3215 puto,
522 3128 611 3216 quod
626 3128 750 3215 prioris
766 3150 929 3215 personae
944 3127 1058 3195 aditus
1074 3130 1240 3215 probatur
1250 3127 1283 3213 4),
1300 3127 1449 3195 alterius

416 3325 442 3390 1)
462 3322 551 3376 Locus
571 3323 703 3390 Equitum
723 3341 746 3376 v.
768 3326 818 3377 146
855 3325 911 3376 ἀλλ’
932 3323 969 3376 ὁδὶ
988 3324 1152 3394 προσέρχεται

643 3403 727 3482 ὥστρερ
747 3416 830 3466 κατὰ
849 3409 941 3466 delos
960 3413 994 3471 εἰς
1013 3412 1114 3483 ἀγοράν.

322 3518 355 3558 ea
373 3517 404 3556 re
424 3500 562 3556 dissimilis
583 3508 633 3568 est,
663 3499 737 3568 quod
764 3501 901 3556 isiciarius
926 3518 980 3554 non
1008 3517 1042 3556 ex
1068 3499 1189 3566 aedibus,
1219 3499 1268 3554 sed
1288 3497 1399 3553 aliunde
1417 3499 1449 3552 in

322 3606 448 3646 scaenam
468 3591 555 3658 venit,
584 3606 673 3657 neque
700 3606 783 3645 causa
810 3590 963 3658 prodeundi
990 3589 1076 3656 deest,
1106 3589 1211 3643 scilicet
1237 3590 1290 3644 hoc
1308 3587 1353 3642 die
1370 3587 1450 3642 haud

322 3681 403 3745 aliter
433 3684 515 3746 atque
544 3677 644 3733 cotidie
675 3666 790 3747 propter
817 3681 956 3748 negotium
976 3678 1012 3736 ad
1031 3679 1122 3733 forum
1149 3669 1342 3746 proficiscitur,
1371 3677 1450 3744 quod

323 3770 414 3823 verbis
433 3785 487 3822 non
506 3786 575 3838 opus
596 3777 638 3824 est
656 3769 755 3824 dicere.

411 3861 439 3926 2)
459 3858 636 3912 Intervallum
650 3858 848 3926 quinquaginta
870 3873 1004 3922 versuum,
1025 3856 1098 3926 quod
1114 3857 1187 3911 inter
1200 3855 1302 3910 aditum
1316 3855 1450 3924 Chrysali

321 3954 349 4002 et
367 3949 635 4015 praenuntiationem
654 3947 727 4001 senis
746 3947 900 4014 intercedit,
920 3939 1025 4000 cantico
1045 3952 1134 4001 ortum
1155 3951 1204 4013 est,
1223 3943 1296 4014 quod
1314 3943 1449 3998 Plautum

321 4037 363 4090 vel
382 4035 520 4090 addidisse
539 4036 582 4091 vel
601 4037 710 4090 auxisse
729 4036 875 4090 verisimile
895 4042 945 4090 est.

411 4125 439 4195 3)
458 4125 589 4180 Fortasse
607 4127 689 4180 etiam
708 4127 736 4178 in
749 4124 871 4179 Alexidis
885 4123 1028 4193 Meropide
1043 4123 1139 4177 similis
1158 4139 1204 4176 ars
1224 4121 1348 4176 adhibita
1367 4127 1448 4177 erat:

321 4214 356 4269 cl.
377 4215 474 4283 fragm.
496 4230 580 4283 supra
599 4216 675 4268 altat.
697 4217 764 4268 147:
786 4216 836 4282 „sle
855 4214 942 4285 καιρὸν
961 4214 1031 4286 ἥκεις
1052 4256 1057 4267 .
1079 4255 1084 4266 .
1105 4213 1128 4267 .“

410 4307 437 4372 4)
458 4305 516 4371 Quo
535 4303 614 4358 modo
635 4303 741 4358 Laches
754 4303 782 4357 in
795 4304 893 4372 Hecyr.
906 4304 935 4357 in
949 4318 1075 4358 scaenam
1095 4301 1207 4368 venerit,
1227 4301 1309 4370 plane
1328 4300 1441 4368 nesci03

320 4393 382 4447 vide
401 4412 424 4447 v.
446 4397 507 4448 607.
