3098 5204
638 405 749 501 41¹

96 613 178 678 ante
201 610 300 676 aedes
329 609 577 697 colloquuntur,
611 610 678 676 etsi
699 610 892 688 Lachetem,
925 633 1023 698 quem
1051 610 1125 676 ruri
1145 633 1221 678 esse

99 715 291 780 1111175
327 714 520 797 didicimus,
570 714 718 781 nondum
761 737 934 782 reversum
975 715 1220 802 conspeximus.

94 817 295 905 Utrobique
312 841 387 885 cum
409 819 631 886 intervallum
654 819 746 887 inter
768 819 852 885 duos
874 823 971 886 aetus
993 819 1221 886 intermissum

98 922 287 1002 antecedat,
324 923 543 990 manifestum
577 927 630 991 est
647 924 911 1012 ⁴Apollodorum
944 925 1083 992 finxisse
1117 924 1222 992 Chre·
1269 961 1270 966 κ

93 1031 220 1095 metem
244 1033 279 1095 11
301 1028 484 1097 Lachetem
514 1029 651 1095 interim
679 1029 809 1097 redisse
837 1029 980 1115 domum.
1025 1029 1146 1097 Nescio
1178 1042 1222 1095 an

97 1157 165 1200 nou
196 1133 233 1198 in
266 1133 406 1222 Epidico
438 1155 571 1220 quoque
601 1134 689 1200 idem
719 1133 890 1201 acciderit.
950 1134 1037 1201 Nem
1054 1193 1055 1196 ,
1071 1134 1221 1202 fortasse

99 1237 254 1320 licentia,
300 1259 399 1325 quam
445 1237 568 1326 poetae
612 1243 693 1324 post
735 1239 956 1306 Menandrum
1001 1239 1220 1322 admiserunt,

99 1343 311 1430 agnoscenda
333 1347 396 1410 cst.

186 1581 211 1624 c.
249 1558 291 1623 In
324 1580 391 1623 non
426 1556 529 1624 nullis
566 1557 694 1625 scaenis
729 1581 770 1626 ex
803 1559 919 1646 primis
955 1559 1074 1626 statim
1106 1554 1221 1626 verbis

100 1683 268 1751 apparere
299 1685 459 1749 personas
492 1663 559 1728 iam
592 1667 693 1730 extra
724 1685 878 1730 scaenam
909 1663 1112 1754 colloquium
1133 1664 1222 1730 ince-

98 1769 188 1855 pisse
213 1775 314 1855 'supra
345 1769 468 1857 monui.
493 1769 583 1854 (pag.
610 1768 676 1850 39.)
706 1768 911 1856 Plerumque
946 1769 1059 1852 etiam,
1092 1767 1222 1856 quade

98 1895 137 1939 re
169 1869 277 1939 locuti
312 1872 390 1954 sint,
427 1857 654 1959 cognoscitur.
710 1873 783 1939 Hoc
817 1895 1015 1940 scaenarum
1048 1872 1222 1940 exordium

98 1977 187 2044 uude
209 1976 400 2065 profectum
423 1978 493 2059 sit,
515 1977 583 2044 iam
616 1977 730 2064 paucis
754 1977 942 2056 ostendam,
986 1977 1112 2044 Altera
1135 1977 1222 2044 enim

97 2083 207 2154 forma
223 2103 429 2162 scaenarum,
446 2081 481 2147 in
496 2082 616 2170 quibus
631 2081 718 2148 duee
731 2104 895 2169 personae
912 2082 1010 2148 simul
1021 2083 1057 2148 in
1068 2103 1223 2148 scaenam

97 2185 294 2275 procedunt,
327 2208 367 2252 ea
391 2190 453 2268 est,
487 2189 528 2252 ut
561 2185 674 2253 altera
705 2209 849 2273 persona
873 2186 1019 2254 alteram
1042 2187 1223 2254 comitetur

97 2289 153 2357 vel
187 2291 300 2372 altera
333 2313 479 2378 persona
512 2293 554 2357 ab
592 2290 703 2357 altera
736 2290 941 2375 adducatur3
982 2312 1067 2380 quae
1101 2293 1222 2357 causac

97 2393 244 2486 adeundi
259 2394 326 2460 iam
341 2402 443 2461 antea
459 2394 632 2461 adhibitae
649 2388 798 2473 erant'(e.
815 2417 867 2482 gr.
886 2394 998 2462 Prom.¹
1015 2395 1054 2476 1.,
1073 2393 1221 2480 Choeph.

97 2501 172 2572 892,
198 2497 334 2585 Septem
356 2500 430 2579 874,
463 2497 563 2586 Soph.
588 2498 707 2565 Trach.
732 2499 804 2582 971,
837 2499 1015 2586 Aristoph.
1039 2499 1123 2566 Aah.
1147 2499 1222 2581 237,

98 2605 187 2670 Nub.
204 2605 269 2670 809
293 2609 328 2671 et
352 2607 440 2688 cet),
466 2605 524 2670 sed
540 2603 721 2690 Euripides
745 2605 873 2692 primus
896 2627 964 2671 rem
990 2605 1041 2672 ita
1056 2605 1222 2688 instituit,

97 2713 139 2775 ut
162 2709 254 2774 vitae
279 2709 422 2796 speciem
446 2713 604 2776 servaret
634 2714 669 2776 et
703 2710 801 2776 simul
832 2709 999 2777 actionem
1021 2709 1223 2776 vividiorem

97 2812 243 2898 feceret,
279 2836 357 2880 nam
390 2815 519 2901 primus
550 2806 724 2901 personas,
762 2815 840 2880 dum
875 2815 974 2882 simul
1003 2815 1040 2880 in
1061 2810 1222 2882 'scaenam'

97 2918 191 2984 intro
204 2922 305 3002 11111,
329 2920 422 2985 inter
445 2942 480 2986 se
502 2918 730 3006 colloquentes
752 2920 845 2987 fecit.

184 3022 225 3090 In
248 3023 321 3110 Iph.
345 3024 446 3090 Taur.
471 3047 502 3111 r.
527 3025 570 3090 67
594 3024 731 3091 Orestes
764 3028 800 3090 et
823 3024 972 3110 Pylades
1004 3025 1039 3089 in
1070 3045 1223 3090 scaenam

97 3128 249 3209 veniunt,
274 3127 352 3194 dum
369 3128 460 3194 inter
476 3151 521 3206 se,
546 3128 627 3216 quid
643 3128 792 3208 videant,
817 3128 1077 3212 communicant;
1104 3151 1145 3194 ex
1160 3128 1222 3195 hac

98 3253 228 3316 scaena,
253 3232 288 3298 in
311 3247 377 3320 qua
399 3255 462 3316 111,
487 3233 528 3300 de
552 3233 671 3321 quibus
689 3233 937 3320 colloquuntur,
961 3234 1172 3320 conspiciunt
1186 3233 1222 3298 in
1291 3245 1293 3250 ’

94 3342 218 3404 'scaena
241 3337 372 3402 demum
395 3337 480 3423 ipsa,
503 3337 743 3424 repetitionem
766 3337 860 3404 illam
877 3337 959 3403 oriri
982 3360 1049 3404 non
1072 3337 1222 3425 potuisse

97 3465 165 3508 non
188 3445 241 3508 111
264 3442 353 3530 quod
376 3442 493 3508 dicam.
539 3442 570 3507 N
574 3466 591 3508 e
613 3440 678 3509 tali
700 3437 891 3530 quidemex
907 3463 1036 3524 scaena,
1062 3441 1171 3529 qualis
1188 3441 1222 3507 in

98 3550 269 3635 postrema
291 3547 465 3634 Euripidis
498 3546 615 3614 fabula
646 3547 784 3634 legitur,
818 3548 932 3636 potuit
965 3547 1151 3633 proficisci;
1186 3545 1223 3612 in

76 3668 80 3676 ·’
98 3675 164 3740 qua
177 3653 266 3740 (Iph.
285 3652 365 3718 Aul.
382 3651 706 3737 rossemannus
730 3675 874 3733 servum,
892 3674 996 3738 ¹quem
1013 3645 1221 3737 Agamemno

99 3757 279 3842 epistulam
295 3756 338 3822 ad
355 3755 643 3843 Clytaemestram
658 3757 794 3823 deferre
809 3756 918 3836 iussit,
943 3757 978 3824 vi
1002 3778 1114 3823 secum
1130 3756 1223 3822 ducit

100 3866 135 3927 et
159 3860 313 3927 rixantes
337 3861 522 3948 prodeunt;
554 3884 631 3927 nam
655 3861 834 3949 opprobria
857 3861 1079 3948 litigantium,
1105 3859 1222 3947 quales

99 3966 246 4044 fuerint,
283 3974 317 4031 et
352 3965 471 4032 chorus
507 3969 542 4031 et
577 3969 786 4051 spectatores
823 3965 887 4031 sibi
905 3953 908 3958 ’
923 3968 1035 4032 mente
1069 3966 1221 4052 cogitare

100 4075 251 4158 possunt,
285 4093 391 4156 neque
424 4092 507 4156 opus
540 4073 594 4136 est
625 4069 831 4157 repetitione
841 4071 874 4156 ¹).
921 4070 1015 4158 Ergo
1047 4093 1154 4158 neque
1181 4093 1222 4136 ex

193 4283 218 4350 l)
239 4281 304 4334 Cum
324 4282 375 4340 hac
396 4297 495 4334 scaena
509 4279 708 4349 comparandus
732 4288 775 4334 est
797 4281 873 4335 locus
886 4281 1009 4348 Discept.
1025 4285 1048 4348 1,
1069 4297 1122 4348 quo
1143 4282 1222 4345 servi,

100 4379 127 4425 et
147 4371 319 4424 Curculionis
333 4373 440 4435 53311,
462 4386 515 4436 quo
527 4371 604 4424 miles
619 4376 647 4424 ct
660 4371 732 4440 Lyco
746 4371 886 4438 litigantes
905 4371 934 4423 in
953 4386 1080 4424 scaenam
1099 4371 1221 4424 veniunt.
