3098 5204
670 367 712 432 39

126 547 202 609 tum
225 543 426 630 colloquium
442 542 478 609 in
495 547 647 610 scaenam
663 543 840 630 prodeunt,
864 563 1004 628 prorsus
1027 541 1251 608 necessarium

128 643 192 715 est.
211 647 368 730 Accedit,
388 647 526 734 quodin
542 647 727 714 Heautont.
747 647 830 713 1004
845 647 1003 732 coniuges
1020 645 1251 732 egrediuntur,
1376 703 1378 706 ,

126 753 207 824 dum
231 753 272 818 da
295 755 406 835 rebus,
430 774 512 839 quas
532 752 637 818 filium
654 750 881 840 Clitiphonem
904 750 1022 818 audire
1044 773 1112 818 non
1134 752 1252 838 aptum

127 862 192 940 est,
216 861 324 942 agunt
347 860 383 924 et
405 857 507 925 inter·
522 879 557 924 se
581 857 756 942 rixantem
781 859 817 923 et
839 857 874 941 in
896 856 983 921 Eun.
999 855 1064 920 818
1087 878 1104 920 6
1127 878 1164 921 16
1189 859 1250 937 est,

126 962 361 1050 quaestionem
393 961 592 1048 Pythiadis,
628 965 666 1027 ut
698 963 751 1028 est
781 961 946 1048 quaestio,
980 982 1079 1047 quam
1108 961 1251 1028 maxime

126 1069 294 1133 secretam
322 1066 399 1132 fieri
428 1064 494 1152 (Cf.
518 1066 622 1133 etiam
645 1065 780 1133 Trucul.
805 1065 869 1131 775
883 1065 950 1148 sa).
995 1065 1253 1155 Nonnumquam

126 1171 268 1238 consilia
298 1174 430 1238 secreta
459 1172 629 1238 habentur
647 1169 759 1258 (Tria.
783 1171 856 1251 729,
882 1168 992 1236 Oasin.
1017 1170 1081 1236 437
1105 1171 1202 1236 6151
1229 1173 1250 1250 l.
1276 1178 1277 1182 ’
1344 1181 1367 1256 J

126 1275 220 1362 Ergo
254 1274 425 1363 plerisque
458 1275 541 1342 locis
575 1297 628 1342 res
663 1273 813 1343 secretae
847 1277 1008 1362 aguntur.
1059 1274 1187 1356 Quibus
1210 1273 1251 1342 de

126 1380 238 1446 causis
261 1380 322 1446 has
347 1401 494 1461 scaenas,
520 1401 603 1470 quas
626 1381 778 1468 proximo
801 1380 874 1448 loco
891 1379 1053 1462 tractavi,
1078 1402 1119 1445 ex
1141 1377 1252 1474 forma

128 1485 253 1556 secreti
276 1483 434 1574 colloquii
459 1487 552 1551 ortas
577 1507 650 1552 esse
674 1485 834 1552 arbitror.

220 1588 308 1672 ,Sed
330 1611 370 1656 ea
393 1611 431 1654 re
453 1589 517 1656 hae
541 1611 679 1656 scaenae
695 1591 737 1655 ab
753 1588 815 1658 illa
837 1589 948 1656 forma
964 1585 1062 1654 valde
1078 1587 1251 1670 differunt,
1354 1639 1360 1654 ,

127 1695 219 1782 quod
250 1717 317 1761 non
349 1693 525 1762 exordium
556 1693 750 1762 fabularum
784 1674 897 1760 sunt“.¹
942 1694 992 1758 At
1023 1692 1083 1758 has
1116 1713 1251 1758 scaenas

127 1799 276 1866 eiusdem
299 1799 501 1866 condicionis
536 1821 608 1865 asse
641 1821 738 1885 nego,
773 1799 866 1864 cuius
895 1797 976 1864 illae
1007 1819 1156 1879 scaenae,
1193 1797 1251 1862 sad

126 1905 201 1970 dico
233 1925 289 1972 eas
322 1904 366 1971 ad
398 1903 533 1970 illarum
557 1904 744 1990 exemplum
777 1925 849 1970 esse
881 1902 1121 1971 conformatas.
1167 1902 1252 1967 Tum

125 2009 189 2075 has
213 2030 359 2089 scaenas,
392 2031 467 2074 cum
486 1995 555 2074 non
577 2009 644 2074 iam
667 2008 765 2104 initio
789 2007 936 2090 fabulae,
972 2007 1088 2075 sedin
1113 2006 1251 2072 exordio

125 2117 223 2180 actus
247 2112 483 2194 adhibeantur,
508 2120 767 2180 consentaneum
784 2116 839 2178 cst
854 2135 928 2178 cum
944 2115 1143 2196 argumento
1162 2131 1251 2178 scae·
1377 2177 1379 2183 ,

125 2240 248 2284 narum
270 2205 541 2286 antecedentium
560 2217 703 2304 quodam
727 2218 824 2284 modo
851 2216 1018 2301 coniungi.
1066 2215 1116 2280 Eo
1139 2216 1188 2292 fic,
1213 2220 1252 2281 ut

107 2323 169 2388 'er
191 2322 310 2410 primis
334 2322 452 2388 statim
475 2323 598 2400 verbis,
629 2322 749 2408 quibus
782 2342 945 2409 personae
967 2321 1003 2386 in
1026 2342 1179 2386 scaenam
1202 2321 1251 2386 in-

127 2447 267 2512 gressae
283 2425 470 2508 diverbium
481 2426 657 2513 incipiunt,
674 2426 876 2513 colloquium
891 2426 958 2491 iam
973 2425 1066 2491 intus
1081 2425 1251 2511 inceptum

128 2555 202 2598 esse
224 2534 353 2619 pateat.
378 2531 578 2616 (1111111821
607 2531 755 2616 „Orandi
776 2532 842 2597 iam
865 2529 964 2596 finem
980 2531 1093 2596 'face“.
1115 2600 1117 2606 ,
1138 2529 1250 2596 Heau-

89 2701 92 2710 ,
127 2641 216 2704 tout.
244 2637 327 2702 1010
364 2636 487 2720 ,Immo
524 2637 587 2702 scis
619 2635 735 2724 potius
766 2648 873 2724 quam
896 2635 1029 2722 quidem
1059 2634 1180 2701 redeat
1201 2635 1249 2700 in·

128 2745 228 2828 tegra
260 2741 403 2807 oratio“.
449 2740 624 2807 11111818
657 2741 804 2828 „Pergin
838 2740 982 2807 scelesta
1015 2761 1143 2805 mecum
1173 2762 1250 2827 per-

128 2845 227 2932 plexe
249 2845 386 2932 loqui‘?“
433 2845 499 2912 Ad.
524 2847 588 2911 517
615 2845 703 2928 ,Ain
726 2850 859 2932 patrem
889 2846 966 2912 hinc
990 2845 1098 2911 abisse
1121 2843 1249 2932 rus‘?“).

172 2943 178 2948 ”
216 2951 378 3018 Fortasse
411 2951 555 3017 formam
595 2952 722 3038 incepti
764 2953 865 3016 extra
905 2972 1058 3016 scaenam
1093 2949 1251 3039 colloquii
1347 3031 1349 3034 y

129 3055 232 3124 etiam
255 3057 439 3141 propterea
471 3055 587 3121 comici
618 3054 869 3142 praeferebant,
902 3053 990 3141 quod
1015 3055 1103 3146 actio
1128 3055 1180 3120 ita
1202 3053 1250 3120 vi·

129 3159 240 3226 vidior
273 3160 386 3228 fiebat.
444 3159 568 3240 Quidni
601 3160 689 3225 idem
724 3161 902 3240 senserint,
948 3159 1037 3245 quod
1071 3158 1249 3224 Kaihelius

129 3263 196 3351 (El.
227 3288 259 3352 p.
284 3265 338 3350 85)
372 3265 414 3331 de
448 3265 643 3351 Antigonae
679 3263 884 3351 Sophocleae
924 3262 1061 3329 exordio
1102 3262 1249 3329 iudicat:

132 3369 231 3452 ,Man
255 3369 344 3436 sieht
375 3369 470 3435 nicht
502 3370 566 3450 ain,
601 3390 729 3436 warum
752 3367 826 3434 ihre
849 3367 1102 3453 Unterredung,
1136 3367 1180 3433 da
1203 3367 1250 3434 sie

129 3473 213 3539 doch
237 3495 428 3540 zusammen
456 3473 554 3540 leben
576 3473 646 3538 und
667 3495 857 3539 zusammen
889 3471 1097 3554 ersoheinen,
1125 3472 1251 3556 gerade

128 3579 164 3646 in
187 3578 262 3644 dem
277 3578 512 3664 Augenbliche
536 3579 685 3665 beginnt,
710 3601 763 3646 wo
779 3578 826 3644 sie
846 3577 1069 3644 miteinander
1092 3599 1152 3642 aus
1177 3576 1251 3644 dem
1352 3582 1357 3592 “

131 3683 245 3750 Haase
269 3682 330 3749 auf
350 3683 405 3748 die
427 3683 547 3748 Buhne
569 3681 740 3749 treten.“?

215 3787 267 3854 At
289 3788 459 3874 inceptum
491 3787 694 3875 colloquium
728 3809 800 3852 cum
835 3785 1001 3874 colloquio
1035 3790 1116 3853 ente
1150 3787 1249 3872 aedes

130 3896 262 3959 secreto
292 3895 442 3980 pugnat,
477 3913 555 3959 nam
578 3915 652 3958 cum
674 3911 848 3979 personae,
881 3895 920 3957 ut
951 3895 1080 3958 secreto
1104 3889 1250 3977 colloqui

129 3996 269 4084 possint,
292 3997 387 4063 fores
411 3998 544 4078 exeant,
569 4017 625 4064 eas
649 4000 747 4064 extra
770 3995 870 4062 aedes
892 3996 1024 4073 demum
1047 3995 1249 4083 colloquium

128 4101 287 4168 incohare
303 4105 561 4169 consentaneum
585 4104 646 4168 est.
694 4100 819 4168 Tamen
842 4105 962 4188 poetas
986 4100 1136 4182 comicos,
1161 4105 1250 4187 post-

129 4229 228 4294 quam
251 4207 361 4293 poetis
385 4208 421 4272 et
444 4205 703 4294 spectatoribus
737 4208 776 4274 ut
799 4227 959 4292 personas
983 4205 1081 4272 simul
1103 4206 1139 4270 in
1163 4227 1250 4272 scae-

128 4301 207 4394 nam
230 4311 324 4378 foras
357 4315 518 4378 exeuntes
553 4314 685 4378 secreta
718 4309 862 4398 colloqui
886 4310 974 4378 velle
997 4309 1247 4396 intellegerent,
