3098 5204
342 574 439 641 modo
472 576 528 642 vel
558 577 653 643 tenui
684 574 828 663 quodam
858 574 1044 662 ligamento
1078 597 1152 641 cum
1173 573 1307 641 actione
1329 573 1456 640 fabulae
1520 607 1521 656 ι

346 701 505 746 conexum
528 680 564 745 in
587 702 739 746 scaenam
762 680 931 747 duxerunt
943 679 976 766 ¹).

881 401 923 466 60

431 801 562 869 Deinde
578 803 679 869 etiam
691 802 879 886 formulam,
897 815 962 890 q'ua
978 802 1090 869 aditus
1106 802 1199 870 chori
1211 801 1456 890 pronuntiatur,

344 928 385 972 ex
406 907 569 993 Euripide
602 911 834 994 sumpserunt;
869 907 958 994 quod
988 906 1211 974 Fraenkelins
1243 929 1275 993 p.
1299 905 1378 973 701.
1409 905 1457 970 de-

342 1013 547 1080 monstravit
563 1011 698 1078 collatis
714 1011 887 1078 Phoeniss.
904 1012 1055 1079 versibus
1081 1012 1144 1077 193
1153 1034 1196 1078 ss.
1220 1034 1294 1077 cum
1310 1010 1458 1078 Alexidis

343 1115 537 1203 fragmento
563 1118 636 1198 107,
658 1116 834 1184 Menandri
856 1117 1048 1183 trinoctio
1071 1116 1118 1200 ΙΙ,
1136 1116 1178 1181 33
1201 1115 1370 1204 (Koara),
1395 1115 1458 1180 Cir·

344 1223 506 1287 cnmtons.
531 1223 572 1286 71
586 1243 627 1288 a:
652 1221 821 1287 Personae
842 1221 879 1286 in
895 1242 1015 1288 scaena
1031 1224 1207 1288 versantes
1229 1221 1351 1287 turbae
1376 1219 1460 1286 chori

344 1324 379 1390 in
403 1347 555 1392 scaenam
578 1325 735 1392 adeuntis
769 1349 804 1392 se
833 1325 952 1392 cedere
983 1325 1108 1392 dicunt.
1155 1324 1222 1392 Sed
1246 1325 1372 1411 primns
1400 1324 1460 1390 iam

343 1428 436 1496 locus
461 1430 623 1496 eiusmodi
646 1431 757 1518 estin
779 1429 1014 1512 Phaethontis,
1046 1451 1145 1517 quam
1167 1428 1319 1498 fabulam
1342 1427 1459 1516 prioris
1523 1419 1524 1450 ³

344 1523 506 1620 temporis¹
539 1533 715 1622 Euripidei
747 1557 819 1601 esse
843 1534 1128 1602 Wilamowltzius
1160 1533 1287 1620 (Herm.
1313 1535 1363 1616 18,
1388 1534 1459 1614 434)

347 1659 388 1704 ex
410 1661 567 1705 versuum
589 1640 708 1706 formis
730 1639 909 1722 concludit,
933 1640 1128 1726 fragmento
1151 1639 1302 1722 773,10;

479 1760 539 1826 ἀλλ’
568 1763 630 1848 ἕρπ’
656 1765 685 1834 ἐς
709 1759 823 1835 οἴκους·
847 1761 896 1826 καὶ
919 1760 976 1848 γὰρ
1000 1759 1058 1828 αἵδ’
1084 1761 1140 1833 ἔξω
1166 1763 1266 1845 δόμων

478 1865 576 1953 δμῳαὶ
599 1875 738 1952 περῶσιν,
763 1867 793 1931 αἳ
815 1866 924 1951 πατρὸς
948 1867 1023 1931 κατὰ
1048 1865 1198 1950 σταθμοὺς
1404 1927 1415 1950 ,
1525 1919 1526 1954 ,

362 2046 364 2050 Ι
477 1973 613 2057 σαίροοσι
637 1975 724 2058 δῶμα
747 1971 798 2036 καὶ
821 1974 922 2056 δόμων
944 1975 1083 2056 κειμήλια
1197 2055 1200 2065 Ι

476 2077 545 2142 καθ’
569 2078 684 2163 ἡμέραν
709 2080 838 2164 φοιβῶσι
860 2077 1056 2163 κάπιχωρίοις

476 2184 598 2266 ὀσμαῖσι
622 2184 769 2267 θυμιῶσιν
794 2184 928 2286 sindicus
953 2185 1130 2267 δόμων...

433 2303 542 2372 Huius
559 2305 723 2372 formulae
739 2310 852 2374 actum
866 2305 1017 2373 finientis
1040 2305 1075 2371 in
1090 2303 1216 2371 fabulis
1232 2301 1350 2368 latinis
1365 2321 1461 2366 unum

346 2409 512 2475 remansit
530 2409 849 2499 vestigiumBacch.
874 2411 1004 2480 ν.107;
1030 2409 1156 2494 „Simul
1178 2407 1256 2474 huic
1277 2406 1391 2474 nescio
1413 2401 1461 2470 cui
1527 2451 1528 2460 ι

347 2515 489 2580 turbare
513 2514 570 2602 qui
591 2516 656 2581 huc
678 2516 717 2596 it,
743 2515 971 2598 decedamns“‚
996 2515 1083 2604 quod
1104 2514 1162 2580 Fr.
1179 2514 1248 2580 Leo
1273 2511 1398 2594 (Herm.
1413 2507 1460 2589 46,

349 2617 413 2682 492
436 2616 539 2704 Χοροῦ
562 2614 616 2686 bei
633 2620 790 2706 Plautus)
813 2621 986 2708 eognovit3
1012 2640 1211 2706 quamquam
1234 2616 1332 2682 huius
1348 2633 1460 2682 versus

348 2725 463 2806 verba,
487 2727 526 2790 ut
549 2747 637 2790 nunc
659 2725 831 2810 leguntur,
855 2727 933 2811 post
955 2724 1116 2790 Plautum
1139 2728 1271 2789 mutata
1295 2723 1382 2788 sunt.

712 3285 715 3290 '
796 3304 949 3372 cucur
973 3303 1015 3372 v.

485 3463 545 3532 De
568 3462 727 3533 comicis
750 3461 1028 3551 Aristophanis
1052 3451 1327 3532 sectatoribus.

434 3620 500 3688 Sed
516 3622 717 3689 comoediam
738 3644 859 3689 novam
883 3625 918 3687 et
933 3619 1129 3707 Euripidem
1150 3641 1218 3685 non
1240 3617 1343 3684 nullis
1367 3618 1462 3682 rebus

346 3726 438 3792 inter
468 3749 504 3794 se
534 3727 675 3794 differre
702 3750 769 3793 non
792 3726 927 3794 silentio
950 3723 1233 3814 praetereundum
1256 3725 1326 3806 est;
1359 3741 1462 3808 neque

348 3831 435 3898 enim
458 3831 581 3899 desunt
603 3855 668 3912 res,
701 3833 820 3921 quibus
844 3830 1034 3898 comoediae
1055 3850 1164 3897 novae
1195 3850 1268 3894 cum
1297 3825 1464 3894 comoedia

348 3941 466 4004 vetere
489 3959 633 4004 conexus
657 3937 907 4005 demonstretur
917 3935 950 4022 2).

439 4169 465 4237 1)
486 4165 526 4220 Of.
547 4166 580 4220 de
600 4167 676 4220 chori
694 4166 722 4219 in
741 4181 811 4220 nova
829 4164 968 4220 comoedia
989 4163 1114 4232 partibus
1133 4163 1198 4230 Leo,
1225 4161 1288 4216 hist.
1309 4161 1426 4216 litterar.
1446 4159 1464 4224 1,

370 4298 375 4310 .
399 4261 457 4310 101.

349 4274 367 4325 p
436 4347 465 4415 2)
484 4344 554 4399 Vide
573 4344 655 4398 etiam
674 4360 736 4412 pag.
756 4348 790 4399 30
801 4358 835 4398 ss.
856 4349 884 4397 et
903 4342 1107 4397 adnotationem
1126 4357 1188 4410 pag.
1208 4345 1250 4396 31.
