3098 5204
621 467 683 533 -63

185 636 352 727 ‚Eiusdem
382 638 472 704 modi
505 643 558 706 est
580 639 732 707 Andriae
765 659 885 710 scaena
907 640 955 718 Π,
980 642 1017 706 1:
1049 640 1085 706 in
1109 660 1142 728 u.¹
1164 640 1226 708 301

100 741 272 810 Charinus
296 745 332 810 et
354 744 481 830 Byrria
511 743 741 832 colloquentes
773 745 808 811 in
841 767 993 814 scaenam
1024 745 1226 834 procedunt;

101 850 138 914 et
173 870 247 913 eum
278 848 403 935 primos
436 870 570 930 versus,
605 871 687 936 quos
719 849 851 928 dicunt,
887 853 1027 937 spectes,
1062 849 1229 917 arbitrari

99 952 221 1038 possis,
247 951 430 1019 Charinum
452 953 549 1019 nulla
566 975 666 1020 causa
681 953 803 1020 adduci
825 954 860 1020 in
884 975 1046 1022 scaenam.
1091 954 1134 1020 In
1151 976 1227 1020 ver-

100 1057 195 1124 sibus
220 1057 604 1134 demum31.lll3ll‚rem
627 1065 669 1126 ex
689 1058 867 1146 Pamphilo
891 1059 1068 1148 exquirere
1091 1058 1229 1146 videtur
1316 1101 1317 1104 =

101 1161 325 1229 constituere.
371 1163 469 1246 Quod
502 1162 678 1229 consilium
701 1185 845 1230 revera
876 1185 1011 1232 causam
1041 1163 1228 1252 prodeundi

101 1288 177 1333 esse
201 1265 401 1353 Spengelins
425 1289 557 1354 quoque
579 1270 673 1336 recte
695 1269 878 1355 perspexit.
924 1269 1039 1335 Etiam
1069 1268 1227 1334 hocloco

106 1392 148 1438 ea
171 1381 327 1458 persona,
361 1393 457 1459 quae,
490 1375 531 1438 ut
562 1371 765 1458 colloquium
796 1372 909 1459 repeti
939 1375 1062 1461 posset,
1089 1394 1229 1446 -nam

101 1479 245 1562 praeter
268 1499 388 1543 versus
412 1476 495 1544 duos
512 1477 640 1561 (32314)
663 1477 699 1542 in
721 1475 888 1564 colloquio
909 1477 1051 1545 Charini
1072 1481 1108 1544 et
1130 1475 1228 1543 Pam-

101 1581 189 1668 phili
211 1603 279 1652 nou
302 1581 345 1648 ad
361 1582 521 1668 Byrriam
543 1581 737 1670 respicitur,
753 1621 796 1630 -
813 1583 848 1648 in
870 1603 1023 1649 scaenam
1038 1581 1227 1669 prodierat,

102 1685 188 1753 satis
211 1688 351 1771 repente
374 1686 527 1773 abigitur
536 1689 560 1769 ¹)
585 1687 684 1773 (337).

167 1777 375 1857 'Menander
407 1813 490 1857 vero
524 1792 586 1858 hac
618 1789 837 1878 repetitione,
873 1812 939 1878 qua
972 1790 1008 1856 id
1041 1791 1226 1874 consilium,

102 1894 193 1984 quod
209 1916 356 1980 persona
379 1895 413 1960 iu
430 1917 550 1962 scaena
573 1897 703 1964 demum
726 1895 828 1984 capit,
852 1898 1028 1981 probatur,
1052 1895 1155 1962 etiam
1177 1895 1229 1962 ita

102 2023 184 2067 usus
208 2003 270 2079 est,
296 2003 337 2067 ut
359 1999 503 2067 alteram
523 2022 713 2088 personam,
742 2022 828 2088 quae
851 2021 917 2088 qua
933 2008 1041 2068 'cansa
1063 2004 1229 2078 commota

101 2106 138 2170 in
163 2126 318 2171 scaenam
340 2103 494 2191 prodeat,
518 2108 759 2192 praeterquam
781 2104 871 2192 qnod
889 2106 1103 2192 repetitionis
1127 2126 1230 2172 causa

102 2209 295 2276 necessaria
318 2218 381 2286 est,
411 2231 479 2275 non
501 2209 725 2296 intellegitur,
756 2209 791 2274 in
815 2230 935 2276 scaena
958 2210 1113 2295 sequenti
1134 2209 1228 2276 adhi-

102 2316 210 2390 beret,
246 2313 335 2400 quod
366 2313 455 2379 idem
478 2313 660 2379 artificium
684 2311 788 2379 etiam
810 2312 845 2378 in
868 2315 1006 2394 scaenis,
1041 2314 1077 2379 in
1108 2314 1228 2401 quibus

102 2417 279 2503 negotium
294 2418 406 2500 datur,
422 2418 671 2484 observavimus
684 2440 715 2504 p.
728 2418 829 2502 45146
843 2442 898 2482 -ε
915 2417 958 2483 In
969 2417 1107 2484 Poenul.
1119 2443 1152 2486 v.
1164 2417 1228 2483 961

83 2523 346 2610 ¹Agorastocles
378 2527 414 2589 et
437 2522 577 2608 Milphio
607 2521 812 2610 procedunt;
851 2523 1094 2608 Agorastocles
1123 2545 1229 2590 mere-

104 2628 209 2695 trices
240 2629 354 2694 ambas
377 2627 540 2714 ingenuas
570 2649 642 2694 esse
666 2626 962 2714 Carthaginienses
986 2628 1158 2715 comperit,
1194 2631 1230 2695 et
1296 2637 1299 2642 “

105 2754 163 2800 eas
185 2732 319 2800 liberali
342 2754 443 2798 causa
464 2754 566 2798 manu
589 2754 739 2799 asserere
756 2731 923 2812 decernit,
947 2731 1088 2820 Milphio
1103 2737 1228 2817 autem,

104 2841 285 2925 postquam
308 2860 378 2902 rem
401 2837 542 2920 detexit,
566 2858 634 2902 nou
657 2836 738 2914 abit,
763 2836 823 2903 sed
844 2836 880 2902 in
902 2845 1022 2903 'scaena
1037 2837 1230 2924 insequenti

104 2945 222 3029 partes
246 2941 331 3028 agit.
506 2926 508 2934 '

193 3046 425 3113 Recordemur
441 3067 594 3112 scaenam
610 3046 739 3132 Georgi
761 3071 793 3113 v.
810 3047 852 3112 22
863 3068 923 3113 ss:
947 3045 1115 3128 Philinna,
1136 3051 1229 3132 post·

105 3171 206 3238 quam
229 3150 270 3217 de
293 3151 442 3217 iocinore
464 3150 596 3217 iuvenis
620 3150 723 3217 vicini
745 3173 766 3216 a
782 3150 963 3238 Myrrhina
986 3151 1113 3219 certior
1135 3151 1230 3217 facta

106 3260 169 3330 est,
186 3257 245 3322 vix
260 3278 295 3322 se
310 3255 472 3332 continet,
490 3255 570 3341 quin
585 3254 681 3321 illum
697 3255 808 3322 verbis
824 3255 1047 3322 acerbissimis
1065 3256 1226 3342 castiget:

106 3382 147 3428 ea
169 3360 211 3426 de
234 3380 335 3427 causa
356 3382 428 3427 eam
445 3359 554 3427 exisse
568 3359 697 3446 fingere
713 3359 884 3450 debemus;
909 3359 1089 3444 Myrrhina
1103 3369 1226 3441 autem,

105 3486 192 3552 quae
202 3465 317 3550 paucis
327 3463 529 3552 colloquium
538 3465 631 3530 intus
642 3463 795 3530 habitum
805 3464 942 3550 repetit,
954 3463 1050 3530 nulla
1059 3485 1160 3530 causa
1170 3464 1228 3530 ad·

105 3570 260 3636 ductant
273 3558 480 3654 egrediatur,
497 3570 532 3634 in
548 3590 669 3635 scaena
685 3569 840 3656 sequenti
852 3589 992 3653 magnas
1008 3568 1084 3653 agit
1098 3575 1226 3657 partes.
1315 3571 1318 3576 '

106 3710 367 3776 commortuoque
386 3709 524 3776 intellego,
552 3725 606 3775 qua
624 3725 655 3762 re
674 3715 824 3762 commotus
844 3707 991 3762 Nencinius
1011 3708 1181 3762 Chremetem
1200 3711 1228 3762 iu

105 3798 202 3851 fabula
222 3798 328 3852 Graeca
347 3805 411 3867 post
435 3815 457 3849 v.
478 3801 530 3852 612
557 3797 630 3851 intus
650 3798 713 3864 isse,
742 3805 772 3850 ut
791 3799 933 3866 pecuniam
960 3797 995 3850 ad
1013 3797 1227 3865 redemptionem

106 3888 288 3940 necessariam
308 3893 478 3955 apportaret,
498 3892 526 3939 et
545 3885 651 3951 deinde,
672 3887 857 3955 recognitione
876 3887 950 3940 intus
970 3892 1117 3954 comperta,
1138 3888 1227 3942 omnia

106 3976 309 4044 spectatoribus
335 3977 494 4044 exposuisse
520 3977 644 4029 conicias.
690 3975 793 4042 Quodsi
819 3975 964 4029 Terentius
989 3975 1041 4030 hoc
1066 3975 1126 4028 loco
1153 3975 1227 4030 Men-

106 4066 221 4118 andrum
249 4083 303 4118 nou
333 4066 423 4130 vertit,
452 4063 500 4119 sed
524 4064 646 4117 imitatus
673 4073 723 4130 est,
752 4071 839 4118 artem
865 4063 1010 4118 Menandri
1036 4072 1091 4118 tam
1117 4065 1226 4131 penitus

106 4154 239 4222 pernovit,
259 4160 290 4208 ut
308 4155 368 4208 iure
389 4152 562 4222 „dimidiatus
582 4152 748 4206 Menander“
770 4152 859 4207 dictus
879 4154 923 4206 sit.
1015 4223 1019 4232 ι

199 4243 302 4312 1)Len
331 4244 393 4297 hist.
423 4243 540 4296 litterar.
570 4257 632 4310 pag.
653 4245 706 4296 240
733 4241 825 4296 adnot.
848 4246 860 4294 1
891 4241 933 4308 id,
964 4240 1036 4308 quod
1055 4257 1138 4294 causa
1173 4257 1226 4308 qua

106 4338 254 4387 commotus
274 4332 372 4401 Byrria
401 4332 483 4385 abeat
510 4348 539 4384 re
559 4346 623 4384 vera
643 4330 727 4397 deest,
755 4331 899 4400 vestigium
919 4331 1157 4386 contaminationis
1177 4331 1227 4383 Te-

106 4422 248 4475 rentianae
268 4437 328 4476 esse
347 4426 441 4490 putat:
463 4421 554 4474 nescio
575 4436 609 4472 an
628 4437 684 4474 non
703 4421 771 4474 iure.
